2590 4390
1214 422 1333 489 ιν.
1397 435 1409 451 ²

271 662 514 715 veram
535 688 554 722 ,
600 656 681 708 ut
710 657 1120 729 ‚extremam
1162 666 1461 714 manum
1504 670 1672 716 eum
1729 648 1873 718 iam
1909 651 2285 746 recepisse

265 768 496 861 possit
536 766 899 840 affirmari.
1000 773 1208 845 Licet
1249 777 1446 846 enim
1488 778 1650 848 crisi
1700 772 2098 853 exercenda
2142 790 2280 854 Co-

266 895 534 964 micum
589 897 923 968 nost'rum
983 900 1194 970 unice
1226 900 1632 1003 ‘demeritus
1694 908 1787 977 sit
1847 910 2276 981 Criticorum

208 1006 211 1009 Ι
262 1026 595 1121 princeps
637 1030 1048 1103 Bentleius:
1100 1034 1220 1103 ‘est
1260 1048 1540 1115 tamen,
1602 1033 1820 1130 idque
1877 1063 2026 1108 non
2087 1063 2274 1120 rar0,

263 1155 389 1225 ubi
430 1148 692 1228 iudicio
736 1152 816 1229 a'c
855 1160 1087 1233 multo
1149 1161 1376 1256 magis
1434 1163 1721 1257 ingenio
1786 1163 2045 1237 abusus
2104 1193 2278 1263 poe-

262 1303 414 1358 tam
473 1291 871 1383 corruperit
929 1290 989 1358 is
1054 1288 1292 1384 potius
1318 1343 1336 1374 ‚
1401 1317 1616 1386 quam
1677 1295 2115 1379 emendarit,
2196 1313 2280 1364 ut

235 1416 632 1487 ,verissime
673 1417 1297 1511 nuper'exemplis
1343 1416 1586 1491 docuit
1629 1419 1778 1501 vir,
1840 1420 2035 1489 cuius
2075 1446 2276 1514 prae-

261 1544 463 1638 cipua
519 1544 597 1612 in
653 1544 764 1611 his
822 1544 1082 1614 litteris
1144 1547 1520 1617 auctoritas
1581 1565 1950 1631 censetur,
2033 1550 2272 1619 Godo-

256 1666 501 1736 fredus
560 1670 1034 1738 HermannuS.
1177 1673 1262 1743 In
1344 1696 1422 1744 re
1499 1673 1955 1767 grammatica
2004 1694 2279 1746 -autem

253 1791 620 1873 tractanda
678 1795 1075 1889 plurimum
1151 1820 1323 1871 sane
1400 1821 1663 1891 operae
1738 1818 2021 1895 praeter
2092 1790 2271 1872 alio's

254 1918 410 2012 ipse
485 1918 701 1991 etiam
772 1919 1250 1993 Ruhnkenius
1329 1922 1752 2008 collocavit,
1863 1927 2270 2024 quan'quam

253 2047 557 2117 Dictatis
617 2048 766 2118 eius
827 2050 929 2119 in·
967 2051 1393 2125 Terentium
1450 2052 1612 2148 plus
1673 2070 1747 2123 et
1805 2056 2129 2131 utilitatis
2195 2074 2269 2125 et

255 2178 689 2250 auctoritatis
747 2178 977 2264 foret,
1041 2181 1102 2252 si
1158 2181 1451 2252 tandem
1514 2210 1604 2252 ex
1667 2185 1971 2260 meliore
2032 2205 2104 2257 et
2160 2190 2267 2258 lo-

255 2308 649 2401 cupletiore
691 2309 1143 2403 apographo,
1208 2311 1438 2404 quale*
1476 2313 1640 2380 1012-
1696 2313 2046 2382 Gurlittus
2072 2363 2089 2394 ‚
2150 2315 2266 2390 vir

174 2474 179 2478 ·
250 2425 748 2506 meritissimus
811 2453 912 2503 et:
960 2435 1450 2519 doctissimus,
1529 2439 1837 2510 feliciter
1913 2435 2256 2532 possidet,
2447 2475 2454 2498 ι

252 2564 697 2652 emendatius
770 2567 948 2637 istae
1006 2568 1511 2668 ,integriusque
1589 2566 1821 2636 editae
1903 2583 2253 2636 extarent.

250 2701 505 2791 Neque
547 2722 721 2768 vero
758 2697 837 2767 in
880 2697 1121 2767 verbis
1178 2715 1458 2772 tantum
1519 2679 1968 2792 explicandis
2018 2720 2258 2771 emen„

186 2883 189 2888 Α
251 2805 646 2921 dandisque
707 2843 859 2896 tota
937 2827 1260 2901 Terentii
1334 2823 1814 2921 pertractandi
1885 2824 2259 2919 provincia
2315 2812 2342 2818 ⁷⁵

250 2955 658 3034 continetur
677 3006 695 3037 ‚
776 2953 903 3024 sed
959 2953 1333 3024 latioribus
1392 2953 1919 3048 circumscripta
1992 2951 2257 3020 finibus

249 3066 432 3156 alias
457 3085 699 3180 plures
740 3083 959 3165 habet
1001 3082 1468 3180 disquirendi·
1489 3085 1858 3166 materiam
1887 3083 1962 3162 *a
2004 3066 2253 3154 ceteris

246 3211 647 3294 editoribus
709 3228 830 3288 aut
891 3211 1239 3284 delibatas
1318 3213 1543 3288 modo
1569 3266 1588 3297 ,
1666 3231 1787 3292 aut
1862 3212 2256 3294 admodum

248 3343 799 3438 praetermissas.
899 3341 1295 3422 Enimvero
1315 3395 1334 3423 ‚
1379 3361 1460 3413 ut
1500 3344 1680 3452 ratio
1724 3341 2130 3425 fabularum
2179 3364 2257 3411 ac

249 3470 550 3540 virtutes
608 3472 892 3566 penitus
926 3471 1443 3570 1intelligantur
1455 3499 1478 3556 ²,
1545 3491 1618 3543 et
1638 3525 1656 3556 ‚
1722 3471 1897 3543 dum
1946 3472 2251 3568 legimus

248 3597 715 3683 Comoedias,
775 3601 961 3696 ipsas
1005 3625 1119 3671 eas
1165 3600 1707 3696 quodammodo
1752 3620 2068 3697 spectare
2126 3622 2252 3669 no-

247 3727 359 3797 his
435 3726 848 3797 videamur:
912 3743 1064 3798 tota
1116 3754 1229 3799 res
1309 3732 1582 3800 scenica
1639 3720 2252 3825 personarumque

251 3856 495 3942 attio„
533 3872 882 3949 quantum
920 3872 1205 3948 potest,
1289 3856 1581 3950 (potest
1639 3868 1880 3928 autem
1917 3856 2250 3952 permul-
