2590 4390
1010 322 1518 438 418-

254 615 557 693 uterque
577 641 595 675 ‚
653 588 714 660 si
769 587 961 686 quid
968 586 1236 672 video,
1292 590 1586 663 fallitur.
1687 588 1947 661 Latine
2001 585 2261 659 dicitur

255 719 377 789 via
397 709 599 812 fert,
627 709 885 800 ducit,
905 726 987 778 ut
1024 714 1283 779 Graece
1320 710 1475 793 ὄὸὀς
1520 722 1727 805 φέρει,
1758 713 1905 807 ἄγει
1931 720 2056 798 εἰς,
2089 705 2260 800 πρός
2363 774 2370 778 .

254 869 339 912 τι
397 831 630 902 Conf.
663 828 1113 900 Gronovium
1169 824 1472 896 Observ.
1527 829 1581 895 Ι.
1638 822 1706 894 6.
1744 850 1815 920 p.
1851 820 2014 902 45·
1994 851 2016 908 3
2087 807 2261 894 inde

255 949 840 1023 accommodatur
877 945 966 1018 ad
1000 962 1282 1038 tempus
1304 992 1323 1028 ‚
1383 940 1870 1025 occasionem,
1925 958 2257 1025 aetatem,

254 1066 527 1164 'reliqua
551 1119 570 1151 ,
647 1064 904 1164 quibus
957 1060 1046 1133 ad
1101 1058 1370 1157 aliquid
1421 1058 1837 1131 faciendum
1906 1044 2256 1142 ducimur,
2369 1100 2375 1111 ·

255 1187 611 1257 vehimur.
746 1185 992 1279 Altera
1062 1190 1170 1248 est
1239 1178 1561 1274 quaestio
1636 1177 1727 1248 de
1796 1178 2026 1249 verbo
2097 1178 2254 1257 sivi.

257 1302 603 1375 Scholion
640 1299 731 1370 ad
764 1302 834 1369 h.
873 1301 921 1369 l;
944 1351 962 1383 ,
1002 1297 1328 1394 quamvis
1382 1297 1538 1366 veri
1589 1294 1857 1393 aliquid
1908 1299 2257 1382 continet,

230 1439 498 1508 *tamen
534 1419 725 1486 male
760 1417 860 1486 sic
894 1417 1199 1513 legitur:
1257 1416 1507 1502 „SiviJ
1548 1417 1840 1511 antique
1859 1442 1881 1498 3
1939 1416 2146 1486 aliter
2180 1416 2258 1513 in

256 1536 598 1631 Adelphis
622 1586 640 1618 ,
701 1537 805 1621 [Ι.
863 1533 931 1601 2.
988 1527 1154 1618 24]
1228 1535 1400 1602 Non
1470 1533 1643 1602 sivit
1701 1549 1972 1628 egestas
2025 1533 2261 1604 facere

253 1656 394 1726 hoc
443 1677 598 1724 nos‚
605 1660 650 1696 “
769 1649 991 1746 Atqui
1042 1649 1431 1743 antiquitus
1500 1673 1655 1761 non
1725 1650 1859 1719 sivi
1926 1647 2055 1718 sed
2119 1652 2259 1719 sini

256 1770 627 1855 dicebant,
681 1788 864 1842 teste
890 1764 1361 1837 Diomedel.
1400 1769 1456 1835 Ι.
1493 1793 1566 1862 p.
1565 1757 1774 1837 371¹.
1832 1771 2264 1864 Quanquam

251 1910 489 1964 metro
527 1906 825 1986 urgente
882 1870 1098 1958 etiam
1149 1886 1235 1954 sii
1286 1903 1717 1981 usurparunt
1736 1938 1754 1971 ,
1781 1888 1894 1954 ut
1943 1883 2255 1981 Adelph.

237 1998 383 2085 ’1.1.
438 2012 656 2093 „Non
691 2007 810 2077 siit
847 2020 1117 2101 egestas
1176 2020 1248 2073 et
1299 2029 1368 2101 q.
1410 2029 1464 2074 S.
1473 2012 1517 2045 ‘⁴
1573 2031 1667 2076 ex
1721 2025 1893 2075 vera
1944 2005 2257 2101 Bentleii

252 2124 777 2202 emendatione.
882 2121 1305 2192 Scholiastes
1343 2122 1562 2220 igitur
1613 2124 1691 2193 in
1744 2147 1874 2194 suo
1934 2098 2259 2210 Terentii

210 2233 215 2238 .
250 2247 589 2342 exemplo
628 2241 896 2338 legerat
942 2240 1115 2321 sini,
1177 2255 1251 2306 et
1305 2256 1713 2324 annotarat,
1749 2244 1926 2327 sini,
1970 2245 2258 2338 antique

249 2384 382 2438 etc.
450 2369 630 2435 Eam
665 2360 899 2453 ipsam
932 2357 1322 2426 lectionem
1361 2379 1583 2451 quum
1617 2376 1979 2452 praeterea
2017 2359 2290 2432 codex.

242 2480 508 2551 colon.
549 2475 738 2571 apud
773 2478 855 2562 Ι.-
883 2473 1376 2543 Guilielmium
1413 2474 1735 2545 Verisim.
1772 2480 1826 2544 Ι.
1870 2472 1936 2544 3.
1974 2494 2047 2546 et
2078 2476 2252 2545 Lin-

248 2594 673 2684 'denbrttchii
708 2595 887 2661 Mss.
929 2614 1177 2659 omnes
1234 2588 1581 2676 habeant,
1640 2591 2013 2688 equidem,
2071 2593 2249 2688 quin

248 2709 654 2808 recipienda
690 2709 818 2793 sit,
872 2708 1110 2777 nullus
1151 2706 1430 2792 dubito.
1522 2708 2028 2804 Quotidianam
2084 2703 2252 2780 scri-'-

247 2850 547 2929 pturam·
570 2853 661 2897 ex
696 2849 901 2896 more
936 2823 1462 2895 substituerunt
1498 2827 1788 2897 scribae.
1857 2831 2116 2923 Neque
2150 2841 2251 2897 ta:-

247 2973 425 3029 men
459 2946 818 3039 antiquam
851 2944 1053 3013 illam
1089 2944 1405 3013 formam
1443 2946 1767 3014 Terentii
1825 2961 2053 3014 aetate
2105 2946 2253 3018 iam

248 3064 652 3135 obsoletam
704 3060 960 3143 fuisse,
1032 3064 1112 3127 P.
1170 3061 1478 3130 Rutilius
1536 3078 1608 3130 et
1675 3067 1880 3130 Aem.
1955 3067 2253 3134 Scaurus

246 3193 634 3259 testantur,
693 3180 817 3273 qui
851 3179 1019 3247 licet
1052 3178 1472 3271 posterioris
1510 3195 1747 3247 essent
1801 3181 2093 3265 aetatis,
2154 3197 2251 3274 tas·

247 3297 416 3370 men
455 3298 533 3366 ea
569 3312 735 3364 sunt
770 3294 899 3364 usi.
955 3296 1163 3365 Conf.
1199 3292 1595 3364 Diomedes
1630 3295 1679 3363 l.
1720 3294 1789 3363 d.
1832 3294 2249 3372 Cavendum

132 3431 141 3452 ³
248 3433 357 3485 est
398 3414 594 3484 enim
630 3413 982 3494 maxime,
1038 3433 1130 3481 ne
1162 3412 1626 3507 scriptoribus
1650 3465 1668 3496 ,
1723 3414 1929 3484 nullo
1970 3431 2264 3508 tempo-⁷

247 3556 409 3603 rum
449 3529 856 3600 discrimine
891 3529 1079 3600 facto
1104 3581 1123 3613 ‚
1181 3530 1598 3625 antiquioris
1654 3549 1988 3602 monetae
2025 3531 2249 3602 verba

246 3671 327 3716 ac
364 3647 637 3716 formae
671 3664 940 3717 temere
977 3643 1476 3717 obtrudantur.
1529 3651 1698 3728 Duo
1737 3647 2106 3720 eiusmodi
2126 3674 2254 3720 ex-

246 3763 486 3855 empla
521 3763 723 3832 huius
764 3764 906 3833 loci
941 3765 1477 3898 opportunitate
1523 3790 1955 3863 proponam.
2023 3766 2252 3842 Andr

246 3884 332 3949 V.
372 3878 439 3947 2.
482 3878 591 3948 12.
630 3881 927 3976 legitur·
