2590 4390
1103 359 1396 481 ⁴0³²·
1503 400 1604 417 -
1717 364 1726 373 “

354 585 773 692 quumalibi
803 602 963 657 tum
979 584 1172 654 hisce
1189 581 1266 652 in
1301 581 1479 652 locis
1514 577 1879 653 laudatur:
1916 582 2172 661 Eun.J.
2199 579 2261 650 1.
2291 579 2354 649 1.

355 709 682 798 „Probus
718 707 1158 803 distinguit.“
1227 697 1532 795 Adelph.
1571 703 1694 768 III.
1735 700 1801 769 2.
1841 696 1958 768 25.
2026 700 2382 783 „Probus

355 829 695 924 adsignat
727 827 867 895 hoc
904 827 1328 892 Sostratae.“
1381 820 1671 888 Phorm.
1703 824 1786 888 V.
1811 816 1876 888 8.
1906 816 2017 887 16.
2071 823 2354 923 „Quae-

353 947 449 1017 rit
469 944 769 1026 ProbuS,
812 966 900 1010 an
920 954 1267 1008 -matrona
1303 955 1452 1007 tam
1488 938 1947 1021 familiariter,
1969 941 2073 1008 mi
2103 941 2352 1023 hom0,

353 1079 550 1134 recte
603 1059 791 1130 dicat
838 1060 1148 1135 alienof?
1264 1053 1599 1126 Eundem
1652 1081 1803 1126 esse
1846 1075 2024 1152 puto
2047 1108 2067 1140 ,
2126 1082 2205 1128 ac
2242 1063 2355 1128 M
2462 1130 2467 1137 ,

357 1185 444 1252 V
435 1181 741 1250 aleriam
770 1175 1085 1249 Probum
1104 1172 1534 1267 ,Berytium
1553 1227 1571 1258 ‚
1611 1176 1804 1246 cuius
1845 1177 2069 1246 vitam
2102 1176 2360 1271 primis

351 1291 566 1387 lineis
625 1296 996 1390 descripsit
1069 1296 1468 1367 Suetonius¹
1502 1295 1591 1364 de
1640 1295 1900 1364 illustr.
1970 1299 2356 1366 Grammat.

354 1441 414 1489 c,
454 1410 573 1486 24.
678 1413 901 1511 Quod·
928 1417 986 1485 s'i
1025 1432 1169 1500 est,
1226 1413 1536 1484 Neronis
1588 1413 2033 1513 temporibus
2088 1413 2356 1497 floruit,

351 1551 434 1605 ut
470 1534 818 1604 Eusebius
856 1530 1066 1603 docet
1100 1533 1177 1603 in
1218 1533 1485 1602 Chron.
1524 1528 1614 1599 acl
1649 1555 1806 1599 ann.
1843 1534 1991 1602 LV.
2026 1559 2097 1627 p.
2140 1535 2263 1602 Ch.
2284 1559 2356 1603 n.

353 1651 679 1745 „Probus
734 1653 1063 1745 Berytius
1119 1647 1637 1721 eruditissimus
1709 1653 2378 1732 Grammaticorum*

349 1770 627 1844 Romae
683 1769 1158 1866 agnoscitur.“
1249 1771 1458 1842 Conf.
1532 1772 1940 1842 Gronovius
2013 1789 2213 1866 pater
2268 1769 2360 1843 ad.

355 1888 574 1960 Gellii
604 1890 815 1956 Noct.
869 1891 1017 1955 Att.
1057 1891 1113 1955 Ι.
1161 1883 1270 1957 15.
1294 1885 1538 1982 -p..89.
1578 1907 1650 1959 et
1687 1893 1910 1960 XVII.
1952 1888 2020 1960 9.
2073 1916 2142 1984 p.
2183 1885 2352 1958 767.

352 2005 754 2105 Plurimum
790 2002 1011 2071 studii
1047 2020 1257 2098 atque
1295 2029 1553 2100 operae
1587 2009 1664 2078 in
1696 2007 2131 2106 antiquiores
2188 2000 2357 2081 con-4

353 2124 521 2195 tulit
555 2122 935 2217 scriptores
971 2123 1266 2192 Latinos
1289 2174 1308 2208 ‚
1350 2149 1698 2221 quonun,
1754 2145 1836 2197 ut
1886 2127 2058 2222 ipsis
2106 2130 2382 2199 Sueto·-

352 2244 459 2316 nii
495 2240 735 2310 verbis
776 2256 933 2309 utar
953 2292 971 2326 ‚
1032 2241 1312 2326 „multa
1362 2245 1828 2339 exemplaria
1849 2248 2225 2318 emendare
2280 2234 2359 2318 ac

350 2363 785 2459 distinguere
841 2375 916 2426 et
992 2376 1337 2433 annotare
1421 2363 1720 2436 curavit.
1721 2370 1766 2403 ‘⁴
1890 2364 2066 2459 Qui,
2135 2366 2358 2460 ipsius

351 2479 652 2552 nomine
687 2479 1073 2574 inscripti,
1105 2479 1182 2550 in
1217 2481 1660 2551 Putschiano
1661 2504 1901 2576 opere
1932 2509 2004 2577 p
2050 2480 2236 2552 1386
2276 2532 2368 2574 -,

359 2590 568 2667 1542.
624 2620 816 2667 nunc
867 2598 1248 2693 leguntur
1257 2597 1533 2683 libelli,
1606 2600 1739 2670 etsi
1794 2598 2112 2671 eiusdem
2163 2625 2356 2670 com-

351 2715 885 2808 mentationum.
933 2714 1121 2785 haud
1170 2738 1477 2809 parvum
1541 2740 1926 2790 numerum
1978 2719 2355 2794 Suetonius

352 2836 401 2914 1.
456 2833 526 2901 d.
582 2850 660 2901 et⁴
692 2835 978 2926 ‘Gellius
1036 2838 1192 2912 XV.
1233 2828 1351 2901 50.
1409 2836 1742 2906 extitisse.
1787 2854 2174 2920 testantur,
2232 2860 2378 2906 eos-

353 2972 599 3025 tamen
635 2929 674 3019 a
707 2948 949 3022 Probo
987 2950 1313 3033 minore,
1367 2946 1615 3021 nescio
1674 2975 1858 3049 quo,
1914 2953 2352 3048 conscriptos
2451 2996 2463 3000 «

353 3096 508 3142 esse
530 3122 547 3153 ,
618 3053 1011 3138 certissima
1081 3068 1160 3137 in
1227 3085 1578 3163 promptu
1643 3070 1901 3144 indicia
1955 3088 2138 3143 sunt.
2242 3043 2358 3142 Atl

236 3199 259 3218 “
353 3196 572 3285 quem
626 3186 986 3255 iuniorem
1007 3236 1026 3269 ,
1103 3186 1413 3256 alitunve
1434 3238 1453 3273 ,
1532 3187 1620 3258 ab
1674 3214 1766 3259 eo
1819 3208 2007 3262 certe
2061 3187 2155 3257 ‘cle
2207 3211 2353 3283 quo

338 3306 470 3378 ,hic
538 3304 804 3399 agitur,
881 3301 1246 3373 diversum
1267 3355 1286 3387 ‚
1361 3305 1593 3375 refero
1669 3308 2354 3377 commentariorum

349 3424 748 3522 fragmenta
766 3469 786 3501 ‚
863 3444 1041 3514 quae
1094 3409 1188 3491 'in
1235 3424 1652 3492 Iuvenalem
1706 3440 1777 3492 et
1847 3424 1923 3492 in
1975 3424 2355 3518 Virgilium

353 3556 602 3616 extant
619 3566 642 3621 3
697 3561 866 3609 nam
924 3538 1199 3609 Probus
1254 3539 1376 3612 ille
1413 3540 1744 3635 Berytius
1798 3541 2070 3618 nullam
2095 3592 2113 3622 ,
2173 3562 2351 3635 quae

350 3658 441 3751 ad
478 3658 859 3755 Virgilium
896 3658 1252 3751 pertineat
1273 3708 1290 3741 ‚
1352 3657 1773 3751 scripturam
1825 3657 2193 3757 reliquisse
2247 3659 2350 3755 yi-

351 3774 621 3877 detur3·
654 3798 792 3874 qua
829 3772 919 3846 de
954 3769 1033 3846 re
1088 3771 1447 3871 disputare
1497 3775 1663 3857 alias
1724 3774 1945 3848 lubet.
2326 3792 2329 3795 ’
