2590 4390
1046 214 1129 277 ρ
1270 312 1276 317 .

794 410 845 451 u
925 410 1060 460 ;;.·.
1159 366 1458 474 εἶδ’...

190 622 433 697 ardor·
476 623 646 693 inde
702 640 810 693 est
861 641 1107 707 natus,
1177 620 1379 718 quod
1434 584 1618 718 quo
1652 644 1864 690 sensu
1917 602 2212 703 dicatur,

212 749 350 849 Qu
335 746 407 812 d
443 760 552 812 ια.
540 742 623 792 9
631 769 764 827 quo
797 742 956 814 hinc
988 760 1054 814 te
1090 747 1283 836 avis.
1270 741 1310 791 9
1361 765 1618 835 parum
1650 745 2009 807 assecutus
2066 752 2217 806 erat

211 865 326 934 vir
361 862 632 931 doctus.
734 861 971 930 Verba
1009 862 1353 938 nimirum
1388 858 1519 927 ista
1569 881 1720 926 non
1774 880 1860 925 eo
1916 852 2219 925 consilio

214 981 387 1054 dicit
409 995 421 1012 ⁰
442 984 688 1050 Davus
742 998 858 1062 ut,
935 1004 1078 1076 quo
1131 996 1243 1046 eat
1263 1028 1280 1060 ,
1357 973 1700 1046 Charinus
1732 986 2033 1055 narret,
2111 966 2224 1060 (id

214 1101 416 1170 enim
454 1100 628 1168 scire
662 1100 846 1168 nihil
880 1099 1209 1194 profecto
1245 1095 1437 1165 Davi
1482 1094 1827 1161 intererat
1849 1093 1903 1181 ‚)
1965 1086 2093 1159 sed
2141 1083 2225 1155 ut
2258 1113 2268 1120 ·

218 1217 311 1289 ad
359 1216 877 1289 'discedendum
926 1213 1491 1310 interrogatione
1538 1209 1674 1278 ista
1730 1182 2223 1288 admoneatur}
2310 1232 2316 1240 ’

218 1335 438 1432 Quod
475 1360 698 1431 quum
735 1334 1075 1402 Charinus
1125 1330 1313 1401 bene
1363 1324 1884 1422 perspexisset,
1941 1303 2096 1394 non
2139 1312 2228 1394 ‘id

216 1434 514 1554 (1111116111
569 1451 777 1534 dicit,
853 1447 1052 1545 quod
1120 1453 1365 1518 Davus
1438 1446 1755 1540 speciose
1825 1446 2224 1536 rogaverat,
2285 1458 2290 1464 ’

67 1610 123 1652 ·,
215 1571 351 1644 ‘sed
403 1593 644 1662 curam
701 1568 982 1662 potiuS,
1058 1589 1195 1660 qua
1263 1565 1412 1637 vel
1440 1562 1757 1632 maxime
1799 1557 2225 1661 urgebatur,

226 1713 437 1761 servo
503 1684 941 1756 indicaturus
1012 1682 1304 1776 incipit.
1414 1686 1499 1751 V
1491 1705 1689 1750 erum
1760 1677 1869 1748 vis
1933 1668 2232 1763 dicam?

178 1808 183 1813 ’
232 1810 424 1913 Quid
459 1807 553 1876 de
580 1829 694 1874 me
713 1799 973 1902 fiet?
1021 1799 1297 1896 Quodsi
1332 1800 1551 1896 igitur
1584 1798 1757 1868 haec
1813 1792 2037 1863 verba
2082 1814 2235 1864 non

210 1934 402 1995 ‘vere
456 1920 955 2032 respondentis
1013 1936 1212 2002 sunt,
1272 1915 1449 2016 quid
1500 1915 1797 2007 tandem
1850 1902 2031 2012 opus
2104 1920 2233 2013 est,

231 2063 315 2115 ut
377 2043 610 2112 oratio
685 2040 914 2136 aptius
983 2018 1408 2109 cohaereat?
1478 2035 1557 2106 id
1627 2031 1824 2130 quod
1892 2032 2046 2124 ipsa
2113 2007 2241 2096 illa

233 2159 740 2236 emendatione
792 2159 1094 2228 minime
1150 2154 1475 2227 efficitur.
1579 2152 1833 2222 Totius
1890 2145 2035 2216 loci
2088 2167 2242 2242 sen-

235 2281 535 2351 tentiam
582 2278 868 2410 egregie
926 2278 1072 2346 iam
1124 2274 1486 2345 intellexit
1533 2275 1859 2340 Donatus
1916 2262 2006 2331 ad
2056 2262 2125 2329 h.
2166 2261 2241 2342 1.,

239 2396 565 2495 quamvis
623 2396 721 2490 ip
703 2396 843 2464 sius
901 2382 1120 2462 verba
1139 2443 1158 2475 ,
1217 2409 1298 2459 ut
1352 2414 1544 2458 nunc
1597 2387 1926 2455 feruntur
1946 2431 1966 2461 ‚
2037 2376 2246 2446 nihili

216 2519 425 2617 ‘'sunt.
547 2514 783 2607 Vulgo
845 2512 1040 2580 enim
1088 2511 1189 2580 sic
1242 2507 1576 2576 audiunt.
1683 2504 1896 2604 „Quo
1951 2494 2110 2563 hinc
2173 2503 2242 2561 ee

162 2729 167 2740 ι
219 2634 501 2735 ιαὲιζςὲ]
608 2629 1029 2724 Admonitio
1074 2625 1536 2705 discedentis,
1590 2638 1670 2689 ut
1723 2617 1928 2686 solet.
1982 2635 2153 2680 nam
2209 2632 2249 2677 a

159 2770 162 2773 ’
226 2754 388 2852 ‘quo
430 2733 792 2845 discedere
828 2744 1349 2827 desideramus,
1388 2737 1859 2811 admonemus
1898 2754 2065 2798 eum
2101 2746 2247 2833 quo

214 2876 227 2911 ⁴·
243 2870 457 2943 vadat
493 2869 612 2937 vel
652 2888 795 2961 quo
837 2880 969 2932 eat.
1055 2862 1139 2931 Id
1174 2863 1409 2932 facere
1445 2882 1575 2953 per
1607 2848 2255 2944 interrogationem

228 2989 592 3062 'admonet
626 2981 871 3056 Davus
896 2981 1340 3060 Charinum,
1359 2991 1472 3044 ut
1506 2976 1659 3068 ipse
1709 2964 2041 3039 abscedat
2082 2964 2253 3030 Cha-

227 3109 444 3184 'rinus
467 3158 486 3190 ,
528 3102 652 3202 qui
689 3126 882 3171 nunc
931 3100 1225 3168 ultimus
1265 3109 1611 3169 remanet.
1619 3097 1664 3129 ‘⁴
1715 3090 1935 3155 Νο11
1972 3081 2252 3206 dubitO,

230 3229 422 3300 ‘haec
461 3243 612 3293 esse
662 3221 968 3318 genuina
1014 3216 1326 3290 Donati:
1433 3214 1639 3314 „Quo
1682 3204 1841 3275 hinc
1892 3223 1959 3276 te.
1995 3193 2256 3301 agis?]

251 3342 678 3416 Admonitio
738 3335 1188 3416 discedendi,
1264 3350 1346 3401 ut
1400 3329 1659 3410 solet3
1695 3345 1870 3395 ‘nam
1931 3324 1991 3392 si
2046 3323 2264 3417 quem

252 3461 620 3538 difcedere
677 3423 1153 3526 desideramus
1177 3503 1195 3533 ,
1267 3447 1738 3521 admonemus
1816 3467 1983 3511 eum
2035 3438 2115 3509 id
2165 3437 2304 3506 fa-·

255 3606 415 3652 cere
478 3604 609 3672 per
677 3572 1365 3668 interrogationem,
1440 3586 1584 3659 quo
1642 3557 1856 3630 vadat
1926 3557 2046 3627 vel
2118 3575 2263 3648 quo

257 3704 446 3767 eat.“
548 3695 835 3774 Cetera,
928 3714 967 3759 a
1022 3688 1244 3757 sciolo
1324 3682 1605 3764 addita,
1701 3675 2001 3747 delenda
2076 3686 2263 3740 sunt.

262 3812 722 3903 corruptelae
792 3810 1001 3877 huius
1069 3807 1212 3875 loci
1281 3826 1523 3873 ansam
1580 3797 1777 3867 dedit
1833 3787 2268 3889 permutatio

264 3953 392 4004 seu
456 3929 772 3998 traiectio
850 3924 1242 3996 verborum
1265 3973 1284 4006 ,
1380 3918 1576 3991 unde
1647 3914 1925 4009 saepius
1998 3930 2277 3977 errores
