2590 4390
983 358 1436 430 ...6.-

218 580 535 652 Vivendz’
578 597 819 651 autem
872 598 1065 654 recte
1136 576 1553 675 disyllabon
1613 580 1947 675 effertur,
1998 566 2009 603 ⁵
2052 577 2219 652 >Lite

217 715 371 767 tera
427 700 622 769 enim
673 724 720 769 v
746 751 764 781 ‚
822 697 1092 770 duabus
1152 699 1518 771 vocalibus
1553 700 1823 791 inclusa
1844 750 1861 779 ‚
1917 699 1994 782 in
2049 721 2215 794 pro-

220 815 626 887 nunciando
662 815 853 910 apud
903 817 1233 887 Comicos
1291 842 1507 913 quam
1559 794 1974 912 saepissime
2019 814 2219 885 elidi-

220 949 341 1002 tur
364 985 382 1015 ,
438 950 513 1002 et
564 951 860 1029 utraque
897 934 1160 1004 vocalis
1201 934 1646 1011 contrahitur
1695 934 1775 1004 in
1825 957 2043 1004 unam
2062 984 2081 1014 ‚
2135 948 2220 1001 ut

219 1049 302 1119 in
337 1055 575 1132 navis,
611 1049 818 1125 boves
837 1103 861 1136 ,
892 1077 1155 1148 novus,
1204 1057 1465 1122 Davus
1490 1100 1518 1132 r
1558 1053 1768 1131 levis,
1824 1068 1956 1120 ete.
2010 1048 2217 1119 Conf.

222 1167 678 1239 Hermannus
736 1171 1093 1241 Element.
1167 1169 1355 1237 doct.
1414 1186 1621 1238 metr.
1676 1196 1745 1264 p.
1809 1164 1926 1237 65.
1959 1177 2039 1248 ‘§.
2095 1164 2245 1237 29..-

224 1302 298 1354 et
337 1287 806 1356 Schneiderus
828 1339 846 1370 ‚
906 1288 1272 1356 Berolinas
1294 1338 1313 1369 ,
1373 1292 1685 1357 Gramm.
1721 1292 1876 1357 Lat.
1913 1291 2125 1357 Tom.
2163 1285 2240 1353 1:

227 1428 298 1498 p.
339 1399 505 1471 362.
609 1403 799 1488 „Sed
848 1402 1221 1484 liberius“„
1276 1406 1512 1501 pergit
1562 1407 1959 1487 BentleiuS‚
2015 1428 2220 1488 „sen-

226 1522 494 1588 tentiae
550 1546 838 1616 quoque
891 1519 1158 1604 officit3
1217 1523 1522 1617 quippe,
1579 1524 1637 1592 si
1691 1528 1888 1591 fiunc
1936 1520 2240 1610 liberius*

225 1636 529 1705 vivendi
562 1654 875 1731 potestas
915 1657 1099 1723 erat,
1142 1641 1400 1735 etiam,
1444 1638 1620 1708 dum
1657 1638 1973 1735 ephebus
2012 1654 2218 1722 esset,
2249 1641 2256 1661 ²

228 1753 445 1824 libere
511 1754 810 1825 vivendi
880 1774 1310 1851 potestatem
1363 1754 1692 1827 habebat.
1814 1755 2036 1852 Atqui
2084 1753 2234 1825 hoo'

229 1872 532 1942 falsum:
588 1872 763 1942 dum
811 1874 888 1943 in
944 1873 1135 1947 r'netu
1186 1876 1439 1973 agebat
1493 1895 1565 1948 et
1618 1876 1751 1946 sub
1805 1877 2229 1974 rnagistr0.“

230 1993 392 2059 Hoc
427 1990 739 2071 libenter
774 1997 1236 2085 concedimus
1258 2046 1276 2078 ,
1315 1993 1652 2092 quicquid
1685 1994 1874 2064 in'ter
1910 2018 1984 2063 se
2035 2002 2241 2063 coma·

230 2127 550 2204 paratur,
590 2111 931 2184 affinitate
972 2115 1280 2215 quadam
1317 2115 1780 2205 coniunctmn
1815 2112 1904 2180 sit
1933 2131 2232 2179 necesse

233 2246 409 2295 esse.
470 2227 970 2301 ‚Libertinum
1025 2234 1087 2304 si
1138 2233 1483 2303 liberiore
1528 2232 1723 2322 vita,
1783 2253 1998 2324 quam
2051 2226 2225 2296 dum

229 2344 307 2413 in
379 2348 723 2416 servitute
787 2346 1119 2443 degeret,
1205 2348 1314 2416 uti
1382 2347 1568 2434 dicas
1591 2397 1610 2428 ,
1694 2344 1985 2414 absurdi
2054 2341 2225 2438 quid

234 2460 500 2532 dixisse
553 2464 681 2533 vix
728 2464 1042 2560 negabis.
1161 2468 1418 2560 Longe
1473 2461 1753 2533 diversa
1801 2461 1982 2530 ratio
2038 2460 2231 2530 inest

122 2667 125 2668 ⁷
232 2582 520 2649 nos'trae
558 2584 976 2676 quaestioni.
1063 2577 1351 2651 Iuvenis
1385 2578 1708 2675 ephebus
1731 2629 1750 2662 ‚
1790 2577 2065 2647 etiamsi
2103 2573 2228 2641 du-

234 2698 516 2768 rissimo
569 2699 703 2771 sub
772 2702 1114 2796 magistro
1189 2714 1429 2797 ageret
1452 2749 1471 2779 ‚
1545 2720 1913 2792 nunquam
1984 2692 2242 2778 servili
2295 2699 2318 2748 N

234 2816 567 2887 utebatur
598 2818 1056 2905 conditione,
1094 2817 1259 2901 sed,
1302 2835 1386 2890 ut
1432 2816 1663 2917 libere
1700 2833 1946 2896 natus,
1986 2837 2237 2909 quam·

234 2934 344 3003 vis
387 2936 677 3032 exigua,
736 2956 979 3009 tamen
1036 2938 1269 3033 aliqua
1318 2961 1604 3032 semper
1654 2933 1986 3004 libertate
2039 2930 2229 3001 frue-

233 3049 465 3122 batur.
566 3058 771 3155 Hanc
825 3057 1209 3152 respiciens
1266 3055 1456 3125 bene
1512 3070 1584 3123 et
1637 3074 1813 3121 vero
1867 3070 2240 3144 compara·

234 3169 382 3238 tive
416 3188 618 3265 pater
657 3172 868 3243 dicit:
923 3173 1206 3266 liberius
1255 3172 1571 3244 vivendi.
1672 3169 1800 3238 Vir
1854 3165 2104 3237 doctus
2157 3166 2235 3235 in

236 3286 542 3372 Miscess.
587 3290 886 3361 ohserv.
928 3287 1089 3361 Vol.
1128 3276 1269 3360 'IIL
1307 3317 1379 3388 p.
1417 3286 1628 3372 391„
1684 3286 1858 3356 dum
1907 3285 2234 3381 vulgatae

238 3408 528 3476 lectioni
568 3427 814 3478 contra
850 3410 1298 3492 Bentlei11m,
1355 3430 1661 3504 magne,
1701 3421 1780 3474 ut
1815 3404 2041 3485 solet,
2076 3423 2232 3469 mo-

237 3528 489 3598 limine
540 3527 973 3620 patrocinari
1027 3544 1366 3609 conatur,
1425 3548 1716 3621 prorsus
1771 3546 1809 3591 a
1864 3519 1982 3590 via
2035 3517 2236 3589 aber·

240 3647 444 3715 ravit.
566 3646 853 3738 Qualia,
926 3671 1151 3741 quum
1223 3644 1554 3740 graviora
1617 3654 1948 3720 restent‚·
1994 3613 2235 3704 taedet

241 3764 587 3833 refellere.
689 3764 1049 3832 Bentleius
1108 3764 1306 3832 enim
1360 3784 1583 3858 aeque
1635 3754 1887 3828 callide
1909 3806 1927 3837 ‚
2002 3751 2244 3821 nihilo·

241 3871 526 3963 tamen,
586 3898 667 3950 ut
716 3898 896 4016 puto
917 3928 939 3962 ‚
996 3880 1276 3952 felicius
1299 3930 1321 3961 ‚
1373 3877 1452 3951 id
1506 3873 1705 3974 quod
1745 3868 2074 3945 subinde
2128 3857 2235 3939 ἐο-
