2590 4390
1022 355 1640 430 ww...-¹

265 560 430 643 loco
448 619 471 650 ‚
524 567 864 638 extremis
918 567 997 638 in
1021 569 1570 641 narrationibus
1622 568 1782 642 fieri
1805 602 1810 605 ·
1834 567 2023 646 solet
2041 624 2062 658 ,
2119 593 2285 670 quo‘

267 689 549 757 exitum
617 684 1119 759 rotundiorem
1190 714 1270 763 ac
1341 686 1768 762 validiorem
1828 691 2308 771 nanciscatur,

268 806 521 875 oratio.
625 803 908 873 Sallust.
963 807 1112 902 Iug.
1152 833 1211 878 c.
1253 806 1373 877 23.
1406 808 1846 892 „Praeterea
1898 805 2045 875 dies
2098 830 2265 875 noc·

265 939 372 1009 tes
393 973 411 1004 ‚
451 937 570 990 aut
605 945 737 1014 per
774 923 926 992 vim
943 976 962 1008 ,
1004 942 1127 994 aut
1164 923 1349 997 dolis
1387 944 1663 998 tentare
1679 953 1703 1009 3
1764 916 2264 994 defensoribus

265 1028 637 1112 moenium
683 1042 999 1132 praemia
1048 1041 1313 1126 mod0‚
1373 1042 1597 1114 modo
1648 1040 2117 1115 formidinem
2158 1063 2268 1109 os-

267 1168 540 1227 tentare
559 1182 579 1237 3
622 1158 1174 1229 suoshortando
1214 1158 1305 1228 ad
1327 1161 1685 1232 virtutem
1721 1159 2028 1255 erigere,
2065 1181 2266 1252 pror-

267 1276 386 1346 sus
446 1278 748 1344 intentas
801 1276 1423 1370 cunctassmaee.“
1528 1277 1750 1348 Tacit.
1802 1275 1989 1344 Hist.
2044 1277 2135 1343 H.
2197 1269 2262 1342 5.

268 1389 784 1485 „Vespasianus
806 1440 824 1472 ,
884 1415 1042 1461 acer
1064 1376 1381 1463 „mindae
1402 1444 1422 1477 ,
1482 1395 1751 1464 anteire
1804 1415 2061 1488 agmen
2079 1442 2099 1475 ‚
2159 1391 2269 1460 lo-

266 1533 433 1581 cum
471 1506 711 1575 castris
752 1531 1002 1602 capere
1021 1561 1041 1593 ,
1082 1527 1305 1589 noctu
1343 1507 1608 1607 diuque
1642 1508 1943 1579 consilio
1966 1518 1994 1591 ‚'
2047 1530 2127 1576 ac
2145 1558 2163 1590 ,
2206 1505 2268 1576 si

170 1646 215 1690 ,’
266 1652 378 1699 res
414 1640 776 1719 posceret,
836 1649 1058 1695 manu
1088 1628 1421 1699 hostibus
1462 1627 1740 1709 obniti3
1795 1611 1959 1694 cibo
2014 1620 2270 1694 fortui-

224 1758 228 1760 ’
266 1761 347 1815 to
369 1794 388 1826 ,
430 1758 668 1823 vestes,
721 1738 1113 1839 habituque
1147 1743 1276 1815 vix
1310 1769 1351 1816 a
1384 1743 1726 1842 gregario
1746 1740 1977 1824 milite
2001 1743 2267 1811 discre-

263 1887 514 1959 pans„
546 1882 837 1953 prorsus
858 1909 876 1942 ,
935 1861 996 1930 si
1032 1862 1328 1933 avaritia
1362 1863 1679 1944 abesset,
1731 1857 2037 1955 antiquis
2076 1857 2271 1931 duci-

265 1978 403 2055 bus
458 1982 668 2074 pan-‘⁴
737 1973 923 2067 Ibid.
961 1977 1052 2046 Π.
1095 1976 1210 2049 82.
1265 1984 1477 2076 „Ipse
1527 1976 2000 2073 Vespasianus
2052 1975 2267 2058 adire.

246 2076 543 2171 'hortari
562 2145 580 2177 ,
614 2084 873 2163 *honos
926 2093 1136 2164 laude
1155 2147 1174 2181 ,
1232 2080 1482 2194 seg-nes
1539 2097 1879 2191 exemplo
1899 2144 1920 2179 ,
1975 2094 2271 2165 incitare

183 2247 188 2252 ·
270 2213 550 2308 saepius
572 2261 593 2294 ‚
667 2234 882 2305 quam
931 2236 1257 2285 coercere
1272 2243 1299 2299 ς
1372 2217 1545 2286 vitia
1596 2214 1820 2310 mag-is
1873 2212 2271 2283 amicorum

272 2354 490 2428 quam
556 2326 880 2397 ‘virtutes
958 2331 1442 2403 dissimulans.
1562 2330 1815 2401 Annal.
1886 2335 2075 2400 XIV.
2115 2385 2118 2390 .
2156 2324 2269 2399 10.

271 2444 558 2535 „Amici
593 2442 854 2522 dehinc
886 2442 1084 2515 adire
1119 2449 1413 2542 templa,
1450 2451 1545 2533 et,
1600 2452 1861 2543 coepto
1901 2444 2267 2539 exemplu,

270 2565 606 2660 proxima
645 2561 1067 2655 Campaniae
1101 2564 1488 2662 municipia
1521 2557 1832 2636 victimis
1870 2580 1942 2631 et
1969 2560 2269 2655 legatio-

271 2680 488 2755 nibus
527 2678 881 2760 *laetitiam
935 2682 1180 2750 testari
1195 2708 1219 2764 ‚-
1271 2682 1429 2777 ipse
1485 2682 1762 2754 diversa
1813 2677 2272 2750 shnulatione
2307 2733 2310 2734 ν

268 2814 574 2887 moestus
592 2847 610 2881 ‚
686 2812 760 2865 et
831 2796 1030 2892 quasi
1078 2778 1558 2871 incolmnitati
1604 2822 1770 2869 suae
1808 2792 2144 2895 infensus
2196 2819 2298 2865 ac.

271 2915 496 2987 morti
530 2916 842 3009 parentis
891 2916 1428 2988 inlacrimans.“
1752 2935 1756 2940 ·

459 3030 618 3099 'Sed
667 3034 817 3104 iam
863 3037 1030 3104 satis
1082 3035 1275 3105 hisce
1322 3031 1676 3129 probasse
1740 3030 1925 3101 mihi
1994 3026 2270 3116 videor,

271 3149 606 3221 Bentleio
672 3152 750 3220 in
781 3221 792 3231 ,
821 3151 986 3221 loco
1055 3169 1306 3221 nostro
1378 3149 1808 3222 emendandi
1877 3147 2273 3245 periculum

256 3271 468 3340 >male
507 3259 832 3349 cessisse3
883 3267 1084 3362 quod
1114 3270 1356 3363 ipsum
1407 3269 1634 3339 verbo
1690 3266 2110 3338 submonuit
2160 3264 2273 3335 lit-

279 3406 593 3457 terarum
665 3402 1074 3455 nostrarum
1129 3410 1451 3455 summus
1519 3379 1941 3480 praeceptor
1960 3437 1982 3470 ,
2053 3386 2129 3451 F.
2185 3382 2269 3446 A.
2317 3429 2320 3430 ν

276 3501 592 3601 wolfius
616 3553 635 3585 ,
672 3505 988 3572 Analect.
1025 3503 1165 3573 litt.
1186 3505 1349 3572 Vol.
1387 3504 1444 3570 Ι.
1482 3527 1553 3596 p.
1582 3499 1698 3572 76.
1746 3505 2008 3598 Nuper.
2030 3517 2274 3569 tamen
2303 3533 2319 3560 :-

239 3614 457 3690 alius
481 3672 499 3702 ‚
555 3621 1150 3714 Aristophanem,
1223 3645 1389 3690 suos
1448 3644 1727 3710 amores
1748 3671 1769 3705 ‚
1826 3638 1908 3690 ut
1964 3615 2273 3696 videtur,
2317 3669 2323 3675 Δ

277 3738 565 3826 audacia
617 3741 976 3809 aemulans
997 3790 1016 3823 ,
1094 3737 1331 3808 denuo
1390 3741 1820 3809 Terentiana
1870 3739 2005 3807 ista
2056 3732 2278 3803 verba

286 3855 593 3956 tentavit
609 3851 656 3939 ,⁴
684 3872 898 3951 atque
949 3852 1138 3930 haud
1173 3857 1320 3927 scio
1359 3880 1448 3927 an
1485 3856 1644 3953 ipso
1677 3853 2005 3928 Bentleio
2042 3848 2296 3922 infeli·-
