2590 4390
1008 364 1468 438 1-44—

227 591 310 671 in
366 589 607 660 verbis
663 587 860 658 latet.
982 583 1223 656 Latini
1245 634 1264 668 ,
1335 604 1561 678 aeque
1611 601 1696 649 ω
1733 584 1921 662 noo,¹
1994 568 2237 648 verbis

229 727 477 811 gratus
511 724 582 776 et
620 722 853 803 mgra!
865 730 945 774 us
982 701 1074 773 de
1113 728 1193 775 re
1230 718 1304 772 et
1339 721 1647 797 persona
1680 698 1880 766 iuxta
1915 711 2237 767 utuntur.

231 832 521 899 Terent.
572 822 893 893 Eunuch.
947 824 1070 890 ΠΙ.
1131 823 1194 889 1.
1251 817 1361 888 5.

760 990 765 993 >
1575 929 1692 992 Est
1729 932 1894 990 istuc
1932 926 2157 989 datum

354 1037 692 1112 Profecto,
736 1052 812 1099 ut
852 1050 1029 1121 grata
1067 1033 1232 1099 mihi
1272 1032 1438 1107 sint,
1487 1049 1649 1110 quae
1687 1028 1857 1091 facio
1901 1029 2139 1090 omnia.

232 1150 492 1218 Heaut.
546 1146 636 1211 Π.
691 1137 759 1211 3.
811 1142 973 1209 21.:

357 1259 552 1345 Quod
594 1269 809 1317 tamen
848 1270 1020 1314 nunc
1077 1250 1346 1312 faciam:
1405 1262 1546 1310 tum
1564 1286 1587 1322 ,
1647 1266 1798 1309 cum
1838 1263 2096 1333 gratum
2133 1237 2232 1313 ml

880 1370 1016 1414 esse
1056 1350 1268 1431 potuit
1304 1346 1508 1416 nolui.

232 1459 660 1551 v.1.60.=

261 1568 267 1575 ’
343 1552 708 1636 Difficilem
751 1565 1043 1629 ostendes
1085 1580 1149 1629 te
1189 1570 1371 1640 esse,
1417 1577 1481 1627 et
1519 1565 1818 1650 ignosces
1853 1575 2069 1630 tamen

353 1675 542 1738 Post.
587 1686 653 1736 et
690 1669 756 1728 id
795 1669 1136 1751 ingratum.

233 1779 460 1850 Plaut.
513 1777 707 1845 Asin.
758 1775 814 1840 1.
867 1769 936 1838 2.
997 1765 1154 1839 10..

346 1893 607 1976 Ingrata
647 1900 834 1967 atque
876 1884 1048 1945 irrita
1090 1902 1228 1947 esse
1271 1887 1490 1949 omnia
1528 1884 1838 1974 intellego

359 1991 541 2079 Quae
581 1990 732 2049 dedi
772 2000 838 2047 et
878 1983 1051 2065 quod
1091 1983 1403 2049 benefeci.

233 2094 594 2189 Amphitr.
642 2090 835 2160 Prol.
888 2084 1006 2155 48.
1030 2111 1052 2154 z

357 2208 623 2269 Gratum
665 2203 997 2266 arbitratur
1035 2219 1174 2264 esse
1212 2203 1284 2270 id
1325 2225 1361 2266 a
1400 2207 1583 2270 vobis
1624 2194 1770 2273 sibi.

233 2341 363 2414 ubi
397 2344 726 2438 legantur
773 2338 998 2409 velim
1048 2359 1227 2431 quae
1276 2340 1558 2408 notavit
1589 2342 1652 2407 1.·
1684 2343 1759 2408 F.
1799 2339 2229 2412 Gronovius.

229 2464 386 2529 Iam
456 2480 632 2527 vero
702 2458 832 2527 hac
902 2454 1180 2524 ratione
1249 2449 1443 2525 helle
1511 2459 1754 2527 omnia
1821 2459 2226 2528 cohaerent.

225 2576 433 2648 Dicit
483 2595 770 2644 servus:
894 2567 1185 2641 Gaudeo
1209 2618 1229 2652 ‚
1308 2569 1371 2640 si
1435 2570 1570 2641 tibi
1640 2572 1814 2668 quid
1865 2574 2004 2644 feci
2018 2624 2040 2660 ‚
2109 2590 2230 2644 aut

235 2694 417 2764 facio
437 2743 458 2776 ,
515 2688 715 2788 quod
766 2688 1037 2784 placeat
1054 2737 1074 2770 ‚
1130 2685 1328 2755 Simo
1351 2736 1370 2770 ,
1428 2706 1502 2758 et
1553 2692 1631 2760 id
1683 2693 2001 2790 gratiam
2039 2688 2232 2762 mihi

230 2811 546 2882 retulisse
599 2809 796 2903 apud
847 2822 916 2878 te
933 2855 956 2909 ².
1005 2801 1238 2874 habeo
1291 2806 1613 2899 gratiam.
1701 2797 2046 2903 Respicit
2102 2807 2230 2879 sci-

227 2927 398 3002 licet
436 2926 840 2995 libertatem
860 2973 880 3006 ‚
939 2946 1075 3017 qna
1124 2921 1339 2992 herus
1392 2924 1634 3020 ipsum
1665 2924 1853 2997 hene
1886 2924 2227 2996 meritum

233 3017 641 3113 donaverat.
739 3041 1153 3111 Advorsum
1183 3057 1252 3111 te
1285 3042 1790 3136 interpretatus
1828 3066 1992 3112 sum
2030 3042 2225 3138 apud

228 3158 859 3242 te,Scholiaste1n
896 3154 988 3224 ad
1022 3158 1093 3225 h.
1133 3159 1182 3227 l.
1236 3177 1555 3243 secutus,
1612 3160 1932 3256 aliosque
1985 3164 2235 3232 Gram-

187 3315 191 3320 ·
230 3277 527 3346 maticos
579 3292 879 3344 veteres.
994 3275 1327 3345 Priscian.
1380 3274 1510 3346 lib.
1565 3279 1825 3346 XVIII.
1876 3303 1950 3372 p.
2005 3273 2220 3346 1182.

226 3396 536 3463 Putsch.·
612 3373 881 3476 „Attici
945 3401 1254 3468 ἐναντίον
1295 3401 1494 3468 τοῦδε
1543 3417 1680 3488 pro
1755 3419 2000 3464 coram
2066 3392 2220 3463 illo.

227 3510 603 3597 Terentius
636 3509 714 3578 in
751 3505 1054 3578 Andria:
1090 3509 1199 3577 Id
1239 3527 1535 3608 gratum
1552 3506 1787 3607 fizisse
1818 3513 2222 3582 advorsum.

144 3613 147 3616 ’
221 3641 291 3699 te
319 3624 541 3697 habeo
579 3633 966 3725 ἔζναιιανηέι
1067 3628 1261 3696 Non.
1314 3629 1635 3698 Marcell.
1687 3653 1745 3698 c.
1799 3622 1869 3696 4.
1920 3650 1994 3721 p.
2052 3620 2222 3699 615.

226 3740 687 3829 „Advorsum
742 3745 941 3836 apud
1008 3742 1379 3840 significat.
1483 3745 1859 3815 Terentius
1909 3739 2220 3815 Andria:

221 3862 324 3942 ,Ee
355 3860 429 3936 id
467 3877 759 3955 gracum
786 3855 1122 3956 suismet
1158 3888 1227 3962 q.
1263 3869 1374 3932 s.“
1411 3909 1414 3910 ν
1475 3862 1618 3965 Qui
1666 3859 1961 3961 quidem
2007 3858 2227 3939 verbi
2303 3899 2306 3902 ·
