<?xml version="1.0" encoding="UTF-8"?>
<!DOCTYPE html PUBLIC "-//W3C//DTD XHTML 1.0 Transitional//EN"
    "http://www.w3.org/TR/xhtml1/DTD/xhtml1-transitional.dtd">
<html xmlns="http://www.w3.org/1999/xhtml" xml:lang="en" lang="en">
 <head>
  <title>
</title>
<meta http-equiv="Content-Type" content="text/html;charset=utf-8" />
  <meta name='ocr-system' content='tesseract 3.04.00' />
  <meta name='ocr-capabilities' content='ocr_page ocr_carea ocr_par ocr_line ocrx_word'/>
</head>
<body>
  <div class='ocr_page' id='page_1' title='image "./quaestionumplau01linggoog_0121.png"; bbox 0 0 2590 4390; ppageno 0'>
   <div class='ocr_carea' id='block_1_1' title="bbox 1169 366 1630 424">
    <p class='ocr_par' dir='ltr' id='par_1_1' title="bbox 1169 366 1630 424">
     <span class='ocr_line' id='line_1_1' title="bbox 1169 366 1630 424; baseline -0.004 -17"><span class='ocrx_word' id='word_1_1' title='bbox 1169 392 1270 407; x_wconf 83' lang='lat'>—</span> <span class='ocrx_word' id='word_1_2' title='bbox 1384 366 1426 424; x_wconf 43' lang='grc' dir='ltr'>ιφ.</span> <span class='ocrx_word' id='word_1_3' title='bbox 1524 389 1630 419; x_wconf 49' lang='grc' dir='ltr'>*η</span> 
     </span>
    </p>
   </div>
   <div class='ocr_carea' id='block_1_2' title="bbox 320 563 2485 1259">
    <p class='ocr_par' dir='ltr' id='par_1_2' title="bbox 320 563 2485 1259">
     <span class='ocr_line' id='line_1_2' title="bbox 320 563 2485 674; baseline -0 -27"><span class='ocrx_word' id='word_1_4' title='bbox 320 644 333 655; x_wconf 56' lang='lat'><em>„</em></span> <span class='ocrx_word' id='word_1_5' title='bbox 393 575 683 674; x_wconf 77' lang='lat' dir='ltr'>quitur,</span> <span class='ocrx_word' id='word_1_6' title='bbox 737 598 1101 674; x_wconf 75' lang='lat' dir='ltr'>aggressus</span> <span class='ocrx_word' id='word_1_7' title='bbox 1156 592 1304 647; x_wconf 85' lang='lat' dir='ltr'>est:</span> <span class='ocrx_word' id='word_1_8' title='bbox 1417 579 1648 647; x_wconf 84' lang='lat' dir='ltr'>Dum·</span> <span class='ocrx_word' id='word_1_9' title='bbox 1685 592 1881 649; x_wconf 79' lang='lat' dir='ltr'>aetas</span> <span class='ocrx_word' id='word_1_10' title='bbox 1930 563 2193 658; x_wconf 71' lang='lat' dir='ltr'>ments,</span> <span class='ocrx_word' id='word_1_11' title='bbox 2231 591 2410 659; x_wconf 63' lang='lat' dir='ltr'>frma·⁴</span> <span class='ocrx_word' id='word_1_12' title='bbox 2480 664 2485 668; x_wconf 82' lang='lat'><strong><em>.</em></strong></span> 
     </span>
     <span class='ocr_line' id='line_1_3' title="bbox 392 691 2399 797; baseline 0 -32"><span class='ocrx_word' id='word_1_13' title='bbox 392 699 615 797; x_wconf 76' lang='lat' dir='ltr'>gister</span> <span class='ocrx_word' id='word_1_14' title='bbox 664 691 1148 793; x_wconf 78' lang='lat' dir='ltr'><strong><em>prohibebant.</em></strong></span> <span class='ocrx_word' id='word_1_15' title='bbox 1264 696 1515 790; x_wconf 85' lang='lat' dir='ltr'>Ipsum</span> <span class='ocrx_word' id='word_1_16' title='bbox 1567 691 1975 769; x_wconf 83' lang='lat' dir='ltr'>audiamus:</span> <span class='ocrx_word' id='word_1_17' title='bbox 2080 693 2399 779; x_wconf 83' lang='lat' dir='ltr'>„Scitum</span> 
     </span>
     <span class='ocr_line' id='line_1_4' title="bbox 394 809 2403 908; baseline -0.001 -25"><span class='ocrx_word' id='word_1_18' title='bbox 394 837 603 896; x_wconf 80' lang='lat' dir='ltr'>sane,</span> <span class='ocrx_word' id='word_1_19' title='bbox 663 810 942 906; x_wconf 83' lang='lat' dir='ltr'>inquit,</span> <span class='ocrx_word' id='word_1_20' title='bbox 1014 811 1435 908; x_wconf 78' lang='lat' dir='ltr'>mag-istrum</span> <span class='ocrx_word' id='word_1_21' title='bbox 1490 834 1615 881; x_wconf 84' lang='lat' dir='ltr'>seu</span> <span class='ocrx_word' id='word_1_22' title='bbox 1668 809 2200 908; x_wconf 79' lang='lat' dir='ltr'>paedagogum,</span> <span class='ocrx_word' id='word_1_23' title='bbox 2274 811 2403 906; x_wconf 82' lang='lat' dir='ltr'>qui</span> 
     </span>
     <span class='ocr_line' id='line_1_5' title="bbox 392 916 2402 1027; baseline -0 -28"><span class='ocrx_word' id='word_1_24' title='bbox 392 926 810 1026; x_wconf 75' lang='lat' dir='ltr'>prohibebat·</span> <span class='ocrx_word' id='word_1_25' title='bbox 852 944 1133 1023; x_wconf 81' lang='lat' dir='ltr'>patrem</span> <span class='ocrx_word' id='word_1_26' title='bbox 1182 953 1477 1027; x_wconf 83' lang='lat' dir='ltr'>noscere</span> <span class='ocrx_word' id='word_1_27' title='bbox 1513 927 1644 998; x_wconf 79' lang='lat' dir='ltr'>filii</span> <span class='ocrx_word' id='word_1_28' title='bbox 1676 916 2085 1024; x_wconf 78' lang='lat' dir='ltr'>ingenium!</span> <span class='ocrx_word' id='word_1_29' title='bbox 2136 951 2402 1022; x_wconf 80' lang='lat' dir='ltr'><strong>nempe</strong></span> 
     </span>
     <span class='ocr_line' id='line_1_6' title="bbox 395 1039 2400 1140; baseline -0.001 -24"><span class='ocrx_word' id='word_1_30' title='bbox 395 1045 560 1117; x_wconf 85' lang='lat' dir='ltr'>data</span> <span class='ocrx_word' id='word_1_31' title='bbox 579 1097 597 1131; x_wconf 88' lang='lat'><strong><em>‚</em></strong></span> <span class='ocrx_word' id='word_1_32' title='bbox 658 1042 871 1117; x_wconf 87' lang='lat' dir='ltr'>credo</span> <span class='ocrx_word' id='word_1_33' title='bbox 896 1097 915 1129; x_wconf 89' lang='lat'>,</span> <span class='ocrx_word' id='word_1_34' title='bbox 975 1069 1194 1140; x_wconf 88' lang='lat' dir='ltr'>opera</span> <span class='ocrx_word' id='word_1_35' title='bbox 1230 1063 1303 1116; x_wconf 89' lang='lat' dir='ltr'>et</span> <span class='ocrx_word' id='word_1_36' title='bbox 1340 1041 1432 1115; x_wconf 84' lang='lat' dir='ltr'>de</span> <span class='ocrx_word' id='word_1_37' title='bbox 1481 1039 1827 1130; x_wconf 58' lang='lat' dir='ltr'>‚industria</span> <span class='ocrx_word' id='word_1_38' title='bbox 1864 1044 2136 1116; x_wconf 87' lang='lat' dir='ltr'>celabat</span> <span class='ocrx_word' id='word_1_39' title='bbox 2170 1045 2400 1114; x_wconf 86' lang='lat' dir='ltr'>Simo-</span> 
     </span>
     <span class='ocr_line' id='line_1_7' title="bbox 392 1159 2398 1259; baseline -0.001 -24"><span class='ocrx_word' id='word_1_40' title='bbox 392 1186 568 1235; x_wconf 87' lang='lat' dir='ltr'>nem</span> <span class='ocrx_word' id='word_1_41' title='bbox 586 1214 604 1248; x_wconf 91' lang='lat'>‚</span> <span class='ocrx_word' id='word_1_42' title='bbox 661 1186 841 1259; x_wconf 87' lang='lat' dir='ltr'>quae</span> <span class='ocrx_word' id='word_1_43' title='bbox 876 1187 1096 1257; x_wconf 86' lang='lat' dir='ltr'>prave</span> <span class='ocrx_word' id='word_1_44' title='bbox 1134 1180 1373 1259; x_wconf 83' lang='lat' dir='ltr'>ageret</span> <span class='ocrx_word' id='word_1_45' title='bbox 1423 1159 1634 1241; x_wconf 83' lang='lat' dir='ltr'>filius.</span> <span class='ocrx_word' id='word_1_46' title='bbox 1733 1163 2101 1259; x_wconf 84' lang='lat' dir='ltr'>Hanccine</span> <span class='ocrx_word' id='word_1_47' title='bbox 2151 1162 2398 1234; x_wconf 87' lang='lat' dir='ltr'>lectio-</span> 
     </span>
    </p>
   </div>
   <div class='ocr_carea' id='block_1_3' title="bbox 391 1276 1687 1377">
    <p class='ocr_par' dir='ltr' id='par_1_3' title="bbox 391 1276 1687 1377">
     <span class='ocr_line' id='line_1_8' title="bbox 391 1276 1687 1377; baseline -0.005 -23"><span class='ocrx_word' id='word_1_48' title='bbox 391 1305 565 1354; x_wconf 83' lang='lat' dir='ltr'>nem</span> <span class='ocrx_word' id='word_1_49' title='bbox 616 1300 764 1352; x_wconf 83' lang='lat' dir='ltr'>tam</span> <span class='ocrx_word' id='word_1_50' title='bbox 822 1278 944 1350; x_wconf 88' lang='lat' dir='ltr'>diu</span> <span class='ocrx_word' id='word_1_51' title='bbox 993 1276 1204 1350; x_wconf 85' lang='lat' dir='ltr'>ferri!</span> <span class='ocrx_word' id='word_1_52' title='bbox 1306 1286 1615 1377; x_wconf 80' lang='lat' dir='ltr'>Repono</span> <span class='ocrx_word' id='word_1_53' title='bbox 1638 1303 1687 1377; x_wconf 57' lang='lat'>:²</span> 
     </span>
    </p>
   </div>
   <div class='ocr_carea' id='block_1_4' title="bbox 513 1390 2396 1553">
    <p class='ocr_par' dir='ltr' id='par_1_4' title="bbox 513 1390 2396 1553">
     <span class='ocr_line' id='line_1_9' title="bbox 513 1390 2396 1480; baseline 0.002 -24"><span class='ocrx_word' id='word_1_54' title='bbox 513 1395 696 1457; x_wconf 83' lang='lat' dir='ltr'>Dum</span> <span class='ocrx_word' id='word_1_55' title='bbox 744 1413 778 1454; x_wconf 85' lang='lat' dir='ltr'>e</span> <span class='ocrx_word' id='word_1_56' title='bbox 794 1413 840 1452; x_wconf 90' lang='lat' dir='ltr'>u</span> <span class='ocrx_word' id='word_1_57' title='bbox 856 1414 924 1453; x_wconf 88' lang='lat' dir='ltr'>m</span> <span class='ocrx_word' id='word_1_58' title='bbox 973 1393 1140 1453; x_wconf 79' lang='lat' dir='ltr'>aet‘as</span> <span class='ocrx_word' id='word_1_59' title='bbox 1158 1431 1180 1466; x_wconf 90' lang='lat'>,</span> <span class='ocrx_word' id='word_1_60' title='bbox 1231 1407 1439 1454; x_wconf 87' lang='lat' dir='ltr'>metus</span> <span class='ocrx_word' id='word_1_61' title='bbox 1458 1431 1481 1466; x_wconf 86' lang='lat'>‚</span> <span class='ocrx_word' id='word_1_62' title='bbox 1530 1394 1833 1480; x_wconf 82' lang='lat' dir='ltr'>magister</span> <span class='ocrx_word' id='word_1_63' title='bbox 1864 1414 1900 1456; x_wconf 89' lang='lat' dir='ltr'>c</span> <span class='ocrx_word' id='word_1_64' title='bbox 1915 1415 1954 1457; x_wconf 93' lang='grc' dir='ltr'>ο</span> <span class='ocrx_word' id='word_1_65' title='bbox 1971 1390 2111 1456; x_wconf 72' lang='lat' dir='ltr'>hili</span> <span class='ocrx_word' id='word_1_66' title='bbox 2129 1391 2219 1456; x_wconf 86' lang='lat' dir='ltr'>eb</span> <span class='ocrx_word' id='word_1_67' title='bbox 2241 1412 2335 1454; x_wconf 83' lang='lat' dir='ltr'>an</span> <span class='ocrx_word' id='word_1_68' title='bbox 2350 1407 2396 1459; x_wconf 82' lang='lat' dir='ltr'>t.</span> 
     </span>
     <span class='ocr_line' id='line_1_10' title="bbox 991 1492 1238 1553; baseline 0.004 -1"><span class='ocrx_word' id='word_1_69' title='bbox 991 1492 1085 1552; x_wconf 84' lang='lat' dir='ltr'>Ita</span> <span class='ocrx_word' id='word_1_70' title='bbox 1126 1505 1238 1553; x_wconf 88' lang='lat' dir='ltr'>est.</span> 
     </span>
    </p>
   </div>
   <div class='ocr_carea' id='block_1_5' title="bbox 370 1570 2455 3697">
    <p class='ocr_par' dir='ltr' id='par_1_5' title="bbox 370 1570 2498 3697">
     <span class='ocr_line' id='line_1_11' title="bbox 370 1570 2454 1693; baseline -0.001 -23"><span class='ocrx_word' id='word_1_71' title='bbox 370 1593 833 1671; x_wconf 58' lang='lat' dir='ltr'>cohibebant</span> <span class='ocrx_word' id='word_1_72' title='bbox 882 1594 1329 1665; x_wconf 84' lang='lat' dir='ltr'>retinebant:</span> <span class='ocrx_word' id='word_1_73' title='bbox 1386 1599 1800 1693; x_wconf 89' lang='lat' dir='ltr'>oppositum</span> <span class='ocrx_word' id='word_1_74' title='bbox 1851 1580 2115 1672; x_wconf 71' lang='lat' dir='ltr'>liberae</span> <span class='ocrx_word' id='word_1_75' title='bbox 2150 1570 2401 1670; x_wconf 75' lang='lat' dir='ltr'>viven-</span> <span class='ocrx_word' id='word_1_76' title='bbox 2441 1582 2454 1588; x_wconf 50' lang='grc'><em>’</em></span> 
     </span>
     <span class='ocr_line' id='line_1_12' title="bbox 395 1704 2400 1814; baseline -0.002 -24"><span class='ocrx_word' id='word_1_77' title='bbox 395 1704 472 1790; x_wconf 84' lang='lat' dir='ltr'>di</span> <span class='ocrx_word' id='word_1_78' title='bbox 508 1715 926 1813; x_wconf 86' lang='lat' dir='ltr'>potestati.“</span> <span class='ocrx_word' id='word_1_79' title='bbox 1014 1710 1397 1810; x_wconf 81' lang='lat' dir='ltr'>Vulgatam</span> <span class='ocrx_word' id='word_1_80' title='bbox 1429 1717 1822 1790; x_wconf 89' lang='lat' dir='ltr'>lectionem</span> <span class='ocrx_word' id='word_1_81' title='bbox 1858 1713 2400 1814; x_wconf 86' lang='lat' dir='ltr'>quodammodo</span> 
     </span>
     <span class='ocr_line' id='line_1_13' title="bbox 395 1827 2400 1930; baseline -0.001 -25"><span class='ocrx_word' id='word_1_82' title='bbox 395 1858 566 1905; x_wconf 87' lang='lat' dir='ltr'>cum</span> <span class='ocrx_word' id='word_1_83' title='bbox 600 1831 760 1900; x_wconf 85' lang='lat' dir='ltr'>viro</span> <span class='ocrx_word' id='word_1_84' title='bbox 801 1827 1016 1900; x_wconf 92' lang='lat' dir='ltr'>docto</span> <span class='ocrx_word' id='word_1_85' title='bbox 1055 1831 1121 1899; x_wconf 81' lang='lat' dir='ltr'>l:</span> <span class='ocrx_word' id='word_1_86' title='bbox 1146 1832 1193 1900; x_wconf 88' lang='lat'>1.</span> <span class='ocrx_word' id='word_1_87' title='bbox 1232 1856 1304 1926; x_wconf 91' lang='lat' dir='ltr'>p.</span> <span class='ocrx_word' id='word_1_88' title='bbox 1346 1830 1511 1902; x_wconf 78' lang='lat'>392.</span> <span class='ocrx_word' id='word_1_89' title='bbox 1549 1836 1650 1906; x_wconf 87' lang='lat' dir='ltr'>ita</span> <span class='ocrx_word' id='word_1_90' title='bbox 1703 1835 2089 1908; x_wconf 84' lang='lat' dir='ltr'>defendere</span> <span class='ocrx_word' id='word_1_91' title='bbox 2142 1829 2400 1930; x_wconf 85' lang='lat' dir='ltr'>possis,</span> 
     </span>
     <span class='ocr_line' id='line_1_14' title="bbox 383 1938 2455 2047; baseline -0.001 -26"><span class='ocrx_word' id='word_1_92' title='bbox 383 1951 477 2022; x_wconf 63' lang='lat' dir='ltr'>&#39;ut</span> <span class='ocrx_word' id='word_1_93' title='bbox 511 1938 976 2046; x_wconf 62' lang='lat' dir='ltr'>prohibebant</span> <span class='ocrx_word' id='word_1_94' title='bbox 1026 1947 1289 2018; x_wconf 86' lang='lat' dir='ltr'>referas</span> <span class='ocrx_word' id='word_1_95' title='bbox 1344 1948 1434 2019; x_wconf 86' lang='lat' dir='ltr'>ad</span> <span class='ocrx_word' id='word_1_96' title='bbox 1486 1951 1769 2022; x_wconf 81' lang='lat' dir='ltr'>liberius</span> <span class='ocrx_word' id='word_1_97' title='bbox 1822 1955 2150 2036; x_wconf 81' lang='lat' dir='ltr'>vivendi,</span> <span class='ocrx_word' id='word_1_98' title='bbox 2205 1947 2404 2047; x_wconf 84' lang='lat' dir='ltr'>quod</span> <span class='ocrx_word' id='word_1_99' title='bbox 2453 1956 2455 1959; x_wconf 72' lang='grc'><strong>’</strong></span> 
     </span>
     <span class='ocr_line' id='line_1_15' title="bbox 398 2065 2402 2177; baseline 0.001 -40"><span class='ocrx_word' id='word_1_100' title='bbox 398 2086 585 2138; x_wconf 83' lang='lat' dir='ltr'>aetas</span> <span class='ocrx_word' id='word_1_101' title='bbox 606 2117 624 2150; x_wconf 91' lang='lat'>,</span> <span class='ocrx_word' id='word_1_102' title='bbox 684 2080 921 2177; x_wconf 79' lang='lat' dir='ltr'>metus</span> <span class='ocrx_word' id='word_1_103' title='bbox 941 2089 996 2161; x_wconf 56' lang='lat'>35*</span> <span class='ocrx_word' id='word_1_104' title='bbox 1042 2065 1385 2160; x_wconf 83' lang='lat' dir='ltr'>magister</span> <span class='ocrx_word' id='word_1_105' title='bbox 1430 2070 1947 2162; x_wconf 86' lang='lat' dir='ltr'>prohiberent:</span> <span class='ocrx_word' id='word_1_106' title='bbox 2003 2088 2073 2142; x_wconf 87' lang='lat' dir='ltr'>at</span> <span class='ocrx_word' id='word_1_107' title='bbox 2093 2123 2111 2155; x_wconf 94' lang='lat'>,</span> <span class='ocrx_word' id='word_1_108' title='bbox 2176 2093 2402 2166; x_wconf 71' lang='lat' dir='ltr'>quiun</span> 
     </span>
     <span class='ocr_line' id='line_1_16' title="bbox 398 2183 2402 2284; baseline -0.002 -25"><span class='ocrx_word' id='word_1_109' title='bbox 398 2183 687 2259; x_wconf 79' lang='lat' dir='ltr'>liberius</span> <span class='ocrx_word' id='word_1_110' title='bbox 738 2183 1033 2254; x_wconf 81' lang='lat' dir='ltr'>vivendi</span> <span class='ocrx_word' id='word_1_111' title='bbox 1089 2207 1128 2253; x_wconf 88' lang='lat' dir='ltr'>a</span> <span class='ocrx_word' id='word_1_112' title='bbox 1182 2208 1364 2254; x_wconf 85' lang='lat' dir='ltr'>voce</span> <span class='ocrx_word' id='word_1_113' title='bbox 1414 2185 1875 2284; x_wconf 59' lang='lat' dir='ltr'>prohibebant</span> <span class='ocrx_word' id='word_1_114' title='bbox 1938 2214 2093 2260; x_wconf 89' lang='lat' dir='ltr'>non</span> <span class='ocrx_word' id='word_1_115' title='bbox 2160 2187 2402 2258; x_wconf 88' lang='lat' dir='ltr'>solum</span> 
     </span>
     <span class='ocr_line' id='line_1_17' title="bbox 396 2300 2403 2401; baseline -0.001 -25"><span class='ocrx_word' id='word_1_116' title='bbox 396 2305 613 2378; x_wconf 84' lang='lat' dir='ltr'>nimis</span> <span class='ocrx_word' id='word_1_117' title='bbox 651 2304 872 2399; x_wconf 85' lang='lat' dir='ltr'>longe</span> <span class='ocrx_word' id='word_1_118' title='bbox 925 2300 1110 2372; x_wconf 88' lang='lat' dir='ltr'>absit</span> <span class='ocrx_word' id='word_1_119' title='bbox 1130 2353 1148 2385; x_wconf 94' lang='lat'>,</span> <span class='ocrx_word' id='word_1_120' title='bbox 1210 2328 1467 2376; x_wconf 88' lang='lat' dir='ltr'>verum</span> <span class='ocrx_word' id='word_1_121' title='bbox 1502 2306 1745 2376; x_wconf 74' lang='lat' dir='ltr'>‘etiam</span> <span class='ocrx_word' id='word_1_122' title='bbox 1795 2306 2205 2401; x_wconf 85' lang='lat' dir='ltr'>parenthesi</span> <span class='ocrx_word' id='word_1_123' title='bbox 2264 2302 2403 2375; x_wconf 85' lang='lat' dir='ltr'>dis-</span> 
     </span>
     <span class='ocr_line' id='line_1_18' title="bbox 395 2422 2399 2519; baseline -0.003 -23"><span class='ocrx_word' id='word_1_124' title='bbox 395 2425 773 2519; x_wconf 83' lang='lat' dir='ltr'>iungatur:</span> <span class='ocrx_word' id='word_1_125' title='bbox 875 2422 1077 2491; x_wconf 88' lang='lat' dir='ltr'>illam</span> <span class='ocrx_word' id='word_1_126' title='bbox 1099 2472 1120 2503; x_wconf 86' lang='lat'>‚</span> <span class='ocrx_word' id='word_1_127' title='bbox 1199 2444 1417 2515; x_wconf 87' lang='lat' dir='ltr'>quam</span> <span class='ocrx_word' id='word_1_128' title='bbox 1486 2423 1847 2495; x_wconf 83' lang='lat' dir='ltr'>Bentleius</span> <span class='ocrx_word' id='word_1_129' title='bbox 1920 2430 2218 2494; x_wconf 85' lang='lat' dir='ltr'>secutus&#39;</span> <span class='ocrx_word' id='word_1_130' title='bbox 2268 2437 2399 2505; x_wconf 86' lang='lat' dir='ltr'>est,</span> 
     </span>
     <span class='ocr_line' id='line_1_19' title="bbox 397 2532 2402 2615; baseline -0.003 -1"><span class='ocrx_word' id='word_1_131' title='bbox 397 2536 867 2615; x_wconf 81' lang='lat' dir='ltr'>construendi</span> <span class='ocrx_word' id='word_1_132' title='bbox 899 2532 1517 2609; x_wconf 65' lang='lat' dir='ltr'>rationem&#39;cuivis</span> <span class='ocrx_word' id='word_1_133' title='bbox 1572 2559 1654 2611; x_wconf 89' lang='lat' dir='ltr'>ut</span> <span class='ocrx_word' id='word_1_134' title='bbox 1702 2543 2102 2612; x_wconf 73' lang='lat' dir='ltr'>faciliorem</span> <span class='ocrx_word' id='word_1_135' title='bbox 2152 2538 2402 2609; x_wconf 87' lang='lat' dir='ltr'>melio-</span> 
     </span>
     <span class='ocr_line' id='line_1_20' title="bbox 396 2655 2402 2754; baseline -0.002 -24"><span class='ocrx_word' id='word_1_136' title='bbox 396 2681 699 2754; x_wconf 85' lang='lat' dir='ltr'>remque</span> <span class='ocrx_word' id='word_1_137' title='bbox 732 2669 808 2727; x_wconf 87' lang='lat' dir='ltr'>se</span> <span class='ocrx_word' id='word_1_138' title='bbox 842 2655 1311 2752; x_wconf 78' lang='lat' dir='ltr'>probaturam</span> <span class='ocrx_word' id='word_1_139' title='bbox 1346 2682 1498 2727; x_wconf 88' lang='lat' dir='ltr'>esse</span> <span class='ocrx_word' id='word_1_140' title='bbox 1551 2660 1911 2729; x_wconf 82' lang='lat' dir='ltr'>existimo.</span> <span class='ocrx_word' id='word_1_141' title='bbox 1982 2662 2249 2727; x_wconf 66' lang='lat' dir='ltr'>v‘Nemo</span> <span class='ocrx_word' id='word_1_142' title='bbox 2304 2672 2402 2725; x_wconf 79' lang='lat' dir='ltr'>ta·-</span> 
     </span>
     <span class='ocr_line' id='line_1_21' title="bbox 401 2773 2403 2869; baseline -0.002 -22"><span class='ocrx_word' id='word_1_143' title='bbox 401 2802 574 2847; x_wconf 90' lang='lat' dir='ltr'>men</span> <span class='ocrx_word' id='word_1_144' title='bbox 595 2827 615 2859; x_wconf 90' lang='lat'>,</span> <span class='ocrx_word' id='word_1_145' title='bbox 667 2774 809 2844; x_wconf 88' lang='lat' dir='ltr'>nisi</span> <span class='ocrx_word' id='word_1_146' title='bbox 862 2777 986 2869; x_wconf 86' lang='lat' dir='ltr'>qui</span> <span class='ocrx_word' id='word_1_147' title='bbox 1040 2774 1393 2869; x_wconf 79' lang='lat' dir='ltr'>cupidius·</span> <span class='ocrx_word' id='word_1_148' title='bbox 1435 2787 1591 2848; x_wconf 84' lang='lat' dir='ltr'>r‘em</span> <span class='ocrx_word' id='word_1_149' title='bbox 1658 2792 1983 2846; x_wconf 85' lang='lat' dir='ltr'>attrectet</span> <span class='ocrx_word' id='word_1_150' title='bbox 2003 2826 2023 2859; x_wconf 91' lang='lat'><strong><em>‚</em></strong></span> <span class='ocrx_word' id='word_1_151' title='bbox 2093 2773 2403 2844; x_wconf 83' lang='lat' dir='ltr'>verbum</span> 
     </span>
     <span class='ocr_line' id='line_1_22' title="bbox 399 2890 2401 2996; baseline -0.003 -31"><span class='ocrx_word' id='word_1_152' title='bbox 399 2891 773 2996; x_wconf 79' lang='lat' dir='ltr'>prohibere</span> <span class='ocrx_word' id='word_1_153' title='bbox 808 2892 1100 2986; x_wconf 88' lang='lat' dir='ltr'>proprie</span> <span class='ocrx_word' id='word_1_154' title='bbox 1134 2890 1413 2962; x_wconf 79' lang='lat' dir='ltr'>‘dictum</span> <span class='ocrx_word' id='word_1_155' title='bbox 1450 2894 1567 2963; x_wconf 92' lang='lat' dir='ltr'>hic</span> <span class='ocrx_word' id='word_1_156' title='bbox 1625 2894 1938 2989; x_wconf 85' lang='lat' dir='ltr'>accipiat.</span> <span class='ocrx_word' id='word_1_157' title='bbox 2040 2896 2139 2962; x_wconf 88' lang='lat' dir='ltr'>Ut</span> <span class='ocrx_word' id='word_1_158' title='bbox 2191 2908 2401 2972; x_wconf 49' lang='lat' dir='ltr'>aeta&amp;</span> 
     </span>
     <span class='ocr_line' id='line_1_23' title="bbox 404 3010 2408 3107; baseline -0.003 -23"><span class='ocrx_word' id='word_1_159' title='bbox 404 3012 682 3100; x_wconf 71' lang='lat' dir='ltr'>metus‘,</span> <span class='ocrx_word' id='word_1_160' title='bbox 722 3011 825 3081; x_wconf 80' lang='lat' dir='ltr'>ita</span> <span class='ocrx_word' id='word_1_161' title='bbox 861 3034 1081 3105; x_wconf 86' lang='lat' dir='ltr'>aeque</span> <span class='ocrx_word' id='word_1_162' title='bbox 1117 3010 1355 3080; x_wconf 88' lang='lat' dir='ltr'>minus</span> <span class='ocrx_word' id='word_1_163' title='bbox 1406 3012 1744 3107; x_wconf 80' lang='lat' dir='ltr'>magister</span> <span class='ocrx_word' id='word_1_164' title='bbox 1800 3010 2011 3094; x_wconf 87' lang='lat' dir='ltr'>„data</span> <span class='ocrx_word' id='word_1_165' title='bbox 2064 3033 2281 3105; x_wconf 89' lang='lat' dir='ltr'>opera</span> <span class='ocrx_word' id='word_1_166' title='bbox 2332 3023 2408 3077; x_wconf 87' lang='lat' dir='ltr'>et</span> 
     </span>
     <span class='ocr_line' id='line_1_24' title="bbox 407 3117 2407 3224; baseline -0.005 -22"><span class='ocrx_word' id='word_1_167' title='bbox 407 3130 498 3202; x_wconf 90' lang='lat' dir='ltr'>de</span> <span class='ocrx_word' id='word_1_168' title='bbox 546 3129 939 3201; x_wconf 87' lang='lat' dir='ltr'>industria“</span> <span class='ocrx_word' id='word_1_169' title='bbox 996 3126 1495 3223; x_wconf 80' lang='lat' dir='ltr'>prohibuisse,</span> <span class='ocrx_word' id='word_1_170' title='bbox 1551 3128 1712 3211; x_wconf 88' lang='lat' dir='ltr'>sed,</span> <span class='ocrx_word' id='word_1_171' title='bbox 1771 3153 1915 3224; x_wconf 87' lang='lat' dir='ltr'>quo</span> <span class='ocrx_word' id='word_1_172' title='bbox 1971 3128 2157 3198; x_wconf 80' lang='lat' dir='ltr'>nihil</span> <span class='ocrx_word' id='word_1_173' title='bbox 2209 3117 2407 3219; x_wconf 82' lang='lat' dir='ltr'>aper-</span> 
     </span>
     <span class='ocr_line' id='line_1_25' title="bbox 400 3243 2403 3344; baseline -0.004 -24"><span class='ocrx_word' id='word_1_174' title='bbox 400 3251 582 3333; x_wconf 81' lang='lat' dir='ltr'>tius,</span> <span class='ocrx_word' id='word_1_175' title='bbox 653 3244 1154 3341; x_wconf 83' lang='lat' dir='ltr'>impedimento</span> <span class='ocrx_word' id='word_1_176' title='bbox 1224 3262 1505 3315; x_wconf 89' lang='lat' dir='ltr'>tantum</span> <span class='ocrx_word' id='word_1_177' title='bbox 1554 3243 1791 3344; x_wconf 74' lang='lat' dir='ltr'>fuisse</span> <span class='ocrx_word' id='word_1_178' title='bbox 1860 3245 2138 3316; x_wconf 82' lang='lat' dir='ltr'>dicitur.</span> <span class='ocrx_word' id='word_1_179' title='bbox 2241 3245 2403 3337; x_wconf 83' lang='lat' dir='ltr'>Quo</span> 
     </span>
     <span class='ocr_line' id='line_1_26' title="bbox 404 3360 2403 3463; baseline -0.005 -24"><span class='ocrx_word' id='word_1_180' title='bbox 404 3367 719 3439; x_wconf 82' lang='lat' dir='ltr'>severius</span> <span class='ocrx_word' id='word_1_181' title='bbox 756 3366 951 3455; x_wconf 76' lang='lat' dir='ltr'>enim</span> <span class='ocrx_word' id='word_1_182' title='bbox 990 3362 1444 3458; x_wconf 87' lang='lat' dir='ltr'>disciplinam</span> <span class='ocrx_word' id='word_1_183' title='bbox 1480 3366 1818 3463; x_wconf 84' lang='lat' dir='ltr'>magister</span> <span class='ocrx_word' id='word_1_184' title='bbox 1854 3360 2231 3435; x_wconf 83' lang='lat' dir='ltr'>exercebat</span> <span class='ocrx_word' id='word_1_185' title='bbox 2250 3413 2271 3444; x_wconf 86' lang='lat'>‚</span> <span class='ocrx_word' id='word_1_186' title='bbox 2315 3382 2403 3430; x_wconf 89' lang='lat' dir='ltr'>eo</span> 
     </span>
     <span class='ocr_line' id='line_1_27' title="bbox 401 3472 2404 3579; baseline -0.002 -26"><span class='ocrx_word' id='word_1_187' title='bbox 401 3483 658 3553; x_wconf 87' lang='lat' dir='ltr'>maiori</span> <span class='ocrx_word' id='word_1_188' title='bbox 710 3480 1232 3577; x_wconf 83' lang='lat' dir='ltr'>impedimento</span> <span class='ocrx_word' id='word_1_189' title='bbox 1275 3509 1430 3553; x_wconf 87' lang='lat' dir='ltr'>esse</span> <span class='ocrx_word' id='word_1_190' title='bbox 1462 3485 1741 3579; x_wconf 88' lang='lat' dir='ltr'>potuit,</span> <span class='ocrx_word' id='word_1_191' title='bbox 1802 3505 1945 3578; x_wconf 87' lang='lat' dir='ltr'>quo</span> <span class='ocrx_word' id='word_1_192' title='bbox 1999 3472 2240 3551; x_wconf 84' lang='lat' dir='ltr'>minus</span> <span class='ocrx_word' id='word_1_193' title='bbox 2284 3503 2404 3549; x_wconf 86' lang='lat' dir='ltr'>ve·-</span> 
     </span>
     <span class='ocr_line' id='line_1_28' title="bbox 403 3582 2405 3697; baseline -0.002 -26"><span class='ocrx_word' id='word_1_194' title='bbox 403 3626 567 3671; x_wconf 86' lang='lat' dir='ltr'>rum</span> <span class='ocrx_word' id='word_1_195' title='bbox 619 3598 756 3670; x_wconf 84' lang='lat' dir='ltr'>filii</span> <span class='ocrx_word' id='word_1_196' title='bbox 803 3582 1173 3697; x_wconf 86' lang='lat' dir='ltr'>ingenium</span> <span class='ocrx_word' id='word_1_197' title='bbox 1225 3620 1657 3672; x_wconf 87' lang='lat' dir='ltr'>nosceretur.</span> <span class='ocrx_word' id='word_1_198' title='bbox 1763 3599 2243 3671; x_wconf 82' lang='lat' dir='ltr'>Observatum</span> <span class='ocrx_word' id='word_1_199' title='bbox 2298 3613 2405 3667; x_wconf 88' lang='lat' dir='ltr'>est</span> 
     </span>
    </p>
   </div>
   <div class='ocr_carea' id='block_1_6' title="bbox 242 3713 2434 3816">
    <p class='ocr_par' dir='ltr' id='par_1_6' title="bbox 242 3713 2434 3816">
     <span class='ocr_line' id='line_1_29' title="bbox 242 3713 2434 3816; baseline -0.003 -26"><span class='ocrx_word' id='word_1_200' title='bbox 242 3743 257 3752; x_wconf 57' lang='lat'><em>²</em></span> <span class='ocrx_word' id='word_1_201' title='bbox 304 3713 337 3724; x_wconf 49' lang='lat'>&#39;⁴</span> <span class='ocrx_word' id='word_1_202' title='bbox 401 3739 643 3799; x_wconf 76' lang='lat' dir='ltr'>autem</span> <span class='ocrx_word' id='word_1_203' title='bbox 701 3718 975 3815; x_wconf 82' lang='lat' dir='ltr'>saepius</span> <span class='ocrx_word' id='word_1_204' title='bbox 999 3770 1017 3803; x_wconf 91' lang='lat'>,</span> <span class='ocrx_word' id='word_1_205' title='bbox 1095 3717 1436 3816; x_wconf 86' lang='lat' dir='ltr'>quicquid</span> <span class='ocrx_word' id='word_1_206' title='bbox 1506 3719 1966 3790; x_wconf 30' lang='lat' dir='ltr'>occasionem*</span> <span class='ocrx_word' id='word_1_207' title='bbox 2012 3717 2133 3787; x_wconf 87' lang='lat' dir='ltr'>vel</span> <span class='ocrx_word' id='word_1_208' title='bbox 2186 3733 2434 3812; x_wconf 55' lang='lat' dir='ltr'>mate-x</span> 
     </span>
    </p>
   </div>
   <div class='ocr_carea' id='block_1_7' title="bbox 402 3829 2400 3935">
    <p class='ocr_par' dir='ltr' id='par_1_7' title="bbox 402 3829 2400 3935">
     <span class='ocr_line' id='line_1_30' title="bbox 402 3829 2400 3935; baseline -0.005 -27"><span class='ocrx_word' id='word_1_209' title='bbox 402 3838 585 3908; x_wconf 87' lang='lat' dir='ltr'>riam</span> <span class='ocrx_word' id='word_1_210' title='bbox 621 3835 932 3933; x_wconf 75' lang='lat' dir='ltr'>aliquam</span> <span class='ocrx_word' id='word_1_211' title='bbox 969 3837 1307 3934; x_wconf 70' lang='lat' dir='ltr'>praebet,</span> <span class='ocrx_word' id='word_1_212' title='bbox 1367 3856 1448 3909; x_wconf 89' lang='lat' dir='ltr'>ut</span> <span class='ocrx_word' id='word_1_213' title='bbox 1488 3836 1660 3935; x_wconf 86' lang='lat' dir='ltr'>quid</span> <span class='ocrx_word' id='word_1_214' title='bbox 1694 3835 1817 3908; x_wconf 86' lang='lat' dir='ltr'>fiat</span> <span class='ocrx_word' id='word_1_215' title='bbox 1837 3888 1857 3922; x_wconf 89' lang='lat'>‚</span> <span class='ocrx_word' id='word_1_216' title='bbox 1916 3853 2037 3910; x_wconf 83' lang='lat' dir='ltr'>aut</span> <span class='ocrx_word' id='word_1_217' title='bbox 2072 3860 2222 3926; x_wconf 87' lang='lat' dir='ltr'>non</span> <span class='ocrx_word' id='word_1_218' title='bbox 2258 3829 2400 3917; x_wconf 78' lang='lat' dir='ltr'>fiat,</span> 
     </span>
    </p>
   </div>
   <div class='ocr_carea' id='block_1_8' title="bbox 1206 4122 1249 4157">
    <p class='ocr_par' dir='ltr' id='par_1_8' title="bbox 1206 4122 1249 4157">
     <span class='ocr_line' id='line_1_31' title="bbox 1206 4122 1249 4157; baseline 0 0"><span class='ocrx_word' id='word_1_219' title='bbox 1206 4122 1249 4157; x_wconf 59' lang='grc' dir='ltr'><em>δ</em></span> 
     </span>
    </p>
   </div>
  </div>
 </body>
</html>
