2590 4390
976 455 1125 515 ,,Δ--
1198 406 1331 515 ω
1423 340 1531 477 ἒ·-

274 632 781 729 eontinentur,
855 629 1047 702 haud
1103 629 1322 718 dubie
1376 627 1801 726 vindicanda
1852 628 2144 717 Probo,
2202 632 2307 701 A«

172 772 176 776 ·
228 750 493 847 ‘spi-o„
550 752 671 820 vel
727 749 817 819 de
874 750 1126 820 ceteris
1198 749 1506 845 antiquis
1561 746 2078 847 interpretibus
2148 739 2296 846 alii.

285 869 490 940 Adeo
551 868 898 938 nonnulla
952 885 1112 938 tuin
1146 867 1651 939 eruditionem
1716 885 1876 938 tuin
1946 858 2293 937 Latinita-

234 1005 451 1069 tem
503 1005 712 1058 notas
785 987 950 1056 suae
1018 983 1458 1081 antiquitatis
1546 982 1852 1067 habent;
1941 981 2297 1118 quaedam

285 1106 503 1176 etiam
550 1104 712 1200 ipse
760 1103 1091 1175 Donatus
1145 1104 1546 1201 respexisse
1598 1103 1888 1229 videtur
1940 1102 2020 1173 in
2077 1100 2295 1229 Scho-

283 1224 421 1296 liis.

233 1350 254 1370 ‘
480 1340 856 1414 Hactenus
875 1341 1069 1424 ratio
1110 1362 1186 1415 et
1226 1343 1454 1442 origo
1481 1342 1937 1418 scholiorum
1982 1336 2289 1410 Donati·
2268 1387 2293 1423 ,

285 1483 466 1556 quae
507 1479 845 1577 quantam
885 1485 926 1531 a
965 1462 1292 1560 barbarie
1331 1479 1778 1558 temporum
1788 1476 1863 1529 et
1901 1454 2296 1555 monacho·

232 1572 235 1575 ¹
283 1584 475 1647 rimi
505 1574 802 1673 stupore
873 1579 1362 1663 contraxerint
1432 1579 1686 1651 labeni
1689 1629 1710 1662 ,
1776 1569 1964 1647 nihil
2035 1567 2295 1644 attinet

285 1693 668 1790 disputare.
773 1696 911 1768 Sed
965 1724 1183 1797 quam
1239 1696 1382 1793 ipsi
1437 1697 1656 1770 etiam
1720 1694 1875 1766 Viri
1949 1690 2149 1764 docti
2211 1690 2295 1761 in

270 1814 377 1895 iis
413 1815 779 1911 hucusque
819 1822 1590 1913 operam-posuerunt,
1652 1838 1736 1885 ea
1784 1810 1970 1885 levis
2006 1830 2177 1882 sane
2218 1822 2295 1877 et
2355 1832 2360 1837 ·

283 1932 494 2003 exilis
549 1930 947 2009 admodum
1002 1933 1350 2008 habenda.
1479 1931 1864 2030 Agendum
1925 1945 2066 2001 est‘
2094 1925 2295 2000 enim

248 2090 261 2125 s
283 2051 425 2120 hoc
462 2069 744 2145 praeter
785 2055 1061 2139 omnia,
1118 2069 1227 2122 ut
1240 2050 1535 2124 tandem
1573 2049 1841 2123 summi
1881 2047 2062 2130 viri,
2119 2048 2296 2115 Les·

281 2167 518 2264 singii,
563 2168 952 2243 iustissimo
998 2169 1354 2242 desiderio
1387 2167 2094 2268 prudentissimoque
2124 2185 2295 2238 con-

242 2359 247 2362 ,
283 2285 446 2355 silio
491 2285 817 2373 satisfiat,
862 2291 988 2385 qui
1023 2313 1446 2387 germanum
1488 2292 1862 2360 Donatum
1880 2333 1901 2370 ,
1943 2300 2058 2354 tot
2097 2281 2295 2353 vitiis

240 2444 263 2471 .-
283 2419 356 2472 et
395 2403 1069 2499 interpolationibus
1112 2404 1670 2502 depravatum,‘
1645 2431 1725 2476 ιιι
1763 2405 2128 2501 integrim
2169 2396 2292 2474 de-

282 2519 502 2615 nique
569 2524 979 2597 restitutum
1057 2523 1208 2595 dari
1276 2540 1588 2623 cuperet.
1691 2530 1924 2622 Quam
1994 2514 2293 2615 quidem

244 2699 245 2702 ,
282 2640 732 2734 provinciam
773 2640 1168 2712 ornandam
1209 2642 1387 2712 alius
1428 2641 1763 2737 suscipiat
1797 2643 1968 2712 licet
2024 2633 2295 2708 exer-ci-

282 2754 534 2844 tatior.
577 2778 735 2826 nos
754 2757 1124 2850 symbolas
1156 2759 1373 2829 hasce
1413 2759 1821 2843 contulisse,
1866 2755 2034 2828 satis
2076 2750 2295 2826 habe-

246 2872 738 2974 .111U.S·Ad
785 2898 955 2970 quas
1025 2874 1494 2950 instruendas
1565 2877 1791 2950 nohis
1853 2884 2296 3001 magnopere

192 2987 195 2990 ’
282 2972 563 3088 profiut
616 3009 822 3062 vetus
882 2997 1341 3098 exemplum,
1421 2994 1621 3092 quod
1678 3017 1843 3064 cum
1900 2992 2153 3064 ceteris
2208 2988 2292 3059 li·

265 3106 432 3179 ibris
474 3108 907 3181 Harlesianis
946 3112 1258 3190 feliciter
1294 3111 1629 3225 possidet
1658 3114 1844 3182 alma
1905 3112 2083 3182 haec
2122 3112 2354 3186 Aca-2⁴

284 3226 604 3308 demia,
582 3253 1011 3323 impressum
1053 3209 1359 3302 Tarvisii
1394 3248 1558 3301 ann.
1612 3214 2292 3301 MCCGCLXXVH.

284 3339 373 3416 et
382 3345 590 3415 inter
625 3346 984 3443 principes
1017 3346 1291 3420 Donati
1328 3348 1681 3421 editiones
1718 3345 2287 3420 annumeratum.

481 3564 566 3632 In
621 3560 1127 3662 Praefatione,
1185 3589 1324 3664 qua
1383 3499 1474 3634 de
1544 3563 1814 3636 Andria
1873 3563 2289 3636 didascalica

250 3652 698 3780 ’τιειᾶιιιιτιιῃ
740 3669 1165 3780 exempla
1116 3736 1135 3769 ,
1190 3684 1510 3781 quibus
1533 3711 1698 3757 usus
1764 3711 1923 3757 suin
1942 3735 1961 3767 ,
2042 3683 2288 3754 omnia

176 3845 185 3850 .
251 3775 589 3889 sshabent,
633 3798 953 3872 fabulam
993 3801 1260 3874 editam
1303 3829 1455 3874 esse
1496 3808 1604 3875 Μ.
1647 3803 1996 3877 Marcello
2040 3818 2114 3873 et
2156 3806 2286 3874 Cn.

256 3909 602 4007 'Sulpicio
649 3919 842 3988 Coss.
945 3922 1098 4032 Qua
1136 3922 1214 3994 in
1252 3948 1334 3993 re
1392 3923 1655 4008 vitium
1712 3942 1860 4007 est3
1919 3923 2092 3994 nani
2130 3923 2291 3995 Sul·

1340 4052 1344 4056 .
1679 4043 1726 4092 *N
1804 4036 1807 4040 ’
1842 4037 1849 4043 ’
1921 4035 1926 4038 “
2103 4035 2106 4038 ’
